3346 4934
709 293 928 356 ..21-

244 453 332 518 nime
355 452 533 537 indignam.
571 450 799 536 Agamemnon
823 451 909 515 enim
928 452 1051 517 Achilli
1071 477 1144 519 cum
1168 453 1307 518 famulas
1331 454 1391 518 les-

244 560 353 624 biacas
382 562 453 622 tum
483 558 569 624 filiae
593 558 781 642 coniugium
809 558 1020 643 promiserat,
1049 561 1087 624 de
1117 583 1181 644 qua
1208 583 1243 625 re
1266 559 1390 626 Briseis

244 664 393 731 adhunc
416 666 549 730 modum
572 663 764 751 loqutur¹):

288 789 448 872 ‘Quodque
471 809 693 872 &maccam
716 794 767 873 est,
788 791 893 868 forma
911 795 1090 874 praestante
1108 793 1239 876 paellae,

287 897 438 982 Lesbides,
461 917 564 962 euersa
586 918 715 980 corpora
737 902 828 980 capta
850 898 956 962 domo:

287 1025 413 1086 eamque
435 1009 480 1069 lot
500 1004 549 1069 his
571 1006 690 1070 -sed
710 1025 773 1069 aaa
795 1025 872 1086 opas
895 1009 938 1070 est
965 1005 1021 1070 libi
1043 1007 1167 1089 coaiape
1191 1041 1234 1052 -
1256 1007 1391 1071 ccciccc

287 1131 325 1176 ea
347 1111 592 1202 apamemaoaiis
613 1131 679 1174 aaa
695 1109 804 1193 petella
827 1108 943 1175 trabas?

243 1235 295 1301 Ad
328 1257 410 1319 quae
443 1232 579 1320 Amar2)
613 1231 746 1319 quidam
777 1234 857 1299 haec
892 1235 1138 1301 animadvertit:
1177 1235 1391 1302 ‘Muliebrilcr

243 1365 296 1408 aec
318 1343 385 1408 siae
411 1343 547 1420 invidia;
576 1348 690 1408 terreat
716 1343 798 1407 caim
827 1340 980 1408 “lesbides
1005 1341 1161 1427 paellae’',
1188 1364 1266 1426 quiae
1286 1345 1391 1424 forma

238 1455 413 1533 praestata,
442 1455 532 1514 terret
554 1451 654 1532 alapis
683 1448 748 1514 “ea
770 1451 1015 1532 apamemaoaiis
1037 1471 1103 1514 aaa
1124 1452 1233 1533 puella
1255 1451 1391 1535 tribas'',

242 1577 321 1639 palae
342 1557 476 1622 ccciccc
495 1556 612 1622 Achilli
634 1558 672 1622 ab
689 1557 809 1620 'Atrida
831 1555 974 1635 offertum
998 1557 1072 1638 qaia
1095 1577 1158 1620 aare
1180 1578 1256 1638 opas
1278 1563 1323 1622 est
1339 1558 1389 1622 illi

242 1664 376 1748 coaiape,
398 1663 453 1744 qai
477 1663 587 1727 habeat
604 1664 760 1728 Briseida.
799 1661 915 1727 Omnia
936 1662 1008 1726 haee
1030 1663 1185 1744 iupeuiose
1207 1668 1236 1726 el
1256 1684 1323 1728 cere
1345 1669 1389 1728 ab

241 1771 331 1851 qae'e
349 1774 466 1835 calare
490 1769 659 1852 loqueatis.²
696 1768 787 1833 Haec
811 1791 907 1833 sanae
927 1768 1046 1832 mentis
1066 1769 1165 1833 verba
1184 1770 1388 1834 subscribere

241 1899 308 1941 non
331 1877 456 1941 dubito

331 1983 446 2068 Neque
469 2005 545 2048 vero
570 1983 776 2068 gravioribus
799 1981 1001 2068 argumentis
1021 1980 1176 2046 Lehrsius
1200 1982 1335 2047 fulcitur
1355 1983 1389 2046 in

242 2090 390 2155 versibus
406 2091 446 2154 67
454 2091 537 2154 -82
552 2089 745 2172 resecandis,
764 2089 883 2173 quibus
897 2088 1080 2153 Briseidem
1101 2090 1141 2153 ab
1158 2089 1286 2155 Achille
1302 2090 1390 2154 effla-

243 2196 348 2282 gitare
368 2196 517 2280 diximus,
535 2219 576 2260 ne
596 2218 629 2260 se
649 2196 805 2261 derelicta
823 2196 859 2260 in
876 2196 1019 2280 patriam
1039 2200 1230 2260 revertatur.
1263 2196 1388 2261 Inridet

243 2303 329 2367 enim
352 2325 472 2367 vanum
493 2302 556 2368 hoc
580 2303 725 2367 mulieris
750 2302 894 2368 studium
918 2303 989 2366 fieri
1012 2324 1078 2367 non
1101 2324 1197 2386 posse
1222 2306 1328 2387 ratus,
1351 2307 1389 2366 ut

241 2410 378 2495 Briseis,
402 2433 476 2476 cum
498 2432 598 2495 penes
621 2409 903 2495 Agamemnonem
928 2409 985 2494 sit,
1015 2410 1055 2472 ab
1075 2409 1208 2482 Achille
1232 2409 1267 2472 in
1291 2407 1387 2474 Grae-

241 2518 327 2583 ciam
349 2518 544 2602 navigaturo
569 2517 757 2582 abducatur.
798 2516 844 2582 At
867 2516 948 2580 mihi
971 2515 1035 2580 hoc
1059 2515 1191 2579 minime
1215 2516 1387 2581 ridiculum

211 2633 213 2637 ’
241 2625 378 2689 videtur.
422 2624 540 2688 Nonne
563 2623 686 2687 Briseis
711 2646 841 2708 sperare
865 2623 990 2707 debuit,
1019 2622 1196 2707 Achillem,
1226 2623 1254 2687 si
1278 2645 1387 2688 amore

244 2730 295 2793 sui
317 2729 481 2815 flagraret,
504 2733 541 2793 ut
566 2729 622 2813 qui
646 2733 732 2793 esset
751 2730 791 2793 ad
810 2729 877 2793 vim
900 2726 1134 2814 propensior³),
1157 2730 1264 2813 ipsam
1288 2731 1387 2794 armis

242 2858 431 2921 recuperare
451 2838 690 2920 temptaturum
709 2835 802 2900 esse?
832 2834 894 2899 Sed
914 2835 992 2899 licet
1010 2834 1191 2899 Briseidem
1214 2859 1388 2920 parumper

242 2943 440 3009 condicionis
463 2966 540 3008 suae
560 2943 699 3008 oblitam
718 2965 789 3007 esse
808 2943 1037 3026 concedamus3
1059 2942 1247 3006 hominibus
1267 2964 1387 3028 magno

241 3051 353 3116 dolore
382 3052 487 3136 captis
517 3071 748 3134 saepenumero
777 3072 838 3113 usu
867 3048 975 3114 venire
1004 3049 1164 3133 videmus,
1193 3053 1231 3114 ut
1260 3072 1387 3114 summa

242 3180 387 3242 quaeque
407 3159 572 3223 omittant.
610 3156 763 3222 Ceterum
783 3156 891 3240 exiis,
916 3149 998 3240 quae
1018 3160 1207 3240 sequuntur,
1230 3179 1303 3221 eam
1321 3161 1386 3223 non

243 3264 368 3328 tamid
392 3287 524 3349 operam
548 3264 624 3328 dare
648 3263 786 3329 dilucide
811 3267 959 3348 apparet,
981 3268 1020 3327 ut
1043 3263 1207 3329 Achillem
1229 3263 1264 3327 in
1289 3262 1385 3328 Grae-

242 3369 325 3432 ciam
350 3371 515 3434 abiturum
539 3371 728 3454 comitetur,
759 3391 856 3453 quam
884 3374 921 3434 ut
949 3370 1042 3435 illum
1070 3370 1105 3434 in
1127 3370 1385 3456 Agamemnonis

243 3475 449 3539 concordiam
471 3476 612 3541 reducat.
918 3551 921 3562 Ι

330 3581 448 3647 Restat
467 3569 568 3647 unum
587 3583 758 3667 distichon,
782 3585 868 3666 quod
888 3583 1073 3648 continetur
1091 3586 1238 3650 versibus
1259 3587 1310 3650 87.
1330 3587 1386 3650 88:

376 3707 491 3773 ‘Arma
513 3728 593 3791 cape,
616 3706 757 3791 Aeacide,
780 3709 834 3772 sed
854 3728 901 3772 me
924 3713 1026 3774 hereca
1048 3716 1119 3774 arcte
1141 3715 1267 3793 recepta,

374 3819 403 3878 el
417 3835 525 3898 preme
548 3814 683 3879 barbatos
706 3813 813 3879 Marte
833 3814 953 3894 favente
975 3813 1078 3880 ciros?

240 3939 316 4004 Etsi
348 3939 435 4004 enim
464 3937 619 4005 Lehrsius
649 3961 716 4004 non
744 3942 857 4023 negat,
890 3939 918 4002 si
947 3940 1007 4004 hos
1038 3963 1150 4005 versus
1179 3941 1385 4027 retineamus,

240 4045 396 4110 exsistere
420 4046 559 4130 figuram
583 4047 745 4130 quandam
768 4045 966 4110 rhetoricam
989 4047 1050 4134 ita,
1074 4052 1111 4111 ut
1135 4047 1263 4132 singula
1287 4050 1385 4114 verba

331 4239 533 4308 nhffim.

329 4331 356 4396 2)
375 4327 458 4397 Apud
476 4329 569 4382 Loers.
590 4344 616 4396 p.
632 4331 674 4382 52.

330 4419 357 4484 3)
377 4417 417 4472 ef.
436 4417 517 4473 Hom.
537 4420 559 4471 Α
579 4423 630 4472 188
645 4434 704 4485 sqq.
