3346 4934
716 323 931 386 ...11-

253 486 305 550 his
329 485 437 550 verbis
461 484 621 548 Amorum
644 483 747 548 libros
771 481 935 568 significat
959 517 1002 528 -

292 641 296 648 '
341 627 420 692 ‘Aul
441 629 522 710 quod
543 627 706 708 Peuelopes
727 625 825 690 uerbis
847 625 994 689 reddatur
1023 623 1123 702 Uliar',

340 735 503 801 scribimus
526 740 554 799 el
577 735 736 816 lacrimas,
759 731 880 814 Popili,
902 731 1022 815 relicta,
1046 735 1132 795 tuus:

342 844 423 924 quod
445 843 543 908 Puris
565 847 593 907 ct
615 842 782 907 Macareus
805 845 834 904 el
855 840 937 922 quod
957 837 1039 903 ruule
1058 843 1168 920 protus
1191 837 1266 901 Ioso

342 950 564 1034 Hippolytique
580 969 697 1031 pareus
716 947 961 1030 Hippolytusque
984 946 1098 1028 moui,
1163 1025 1166 1030 ἱ

340 1058 476 1140 quodque
499 1063 601 1121 leucus
623 1057 763 1121 siricluru
785 1054 870 1119 Dido
892 1053 1079 1119 inamabilis
1100 1072 1200 1117 ouon

342 1166 439 1249 dieat,
462 1169 492 1229 ct
512 1164 629 1229 aeolice
651 1163 758 1228 Lesbis
780 1163 883 1227 arnico
906 1159 1011 1245 lprae'.

252 1307 313 1372 His
337 1307 486 1392 epistulis
512 1305 670 1371 Sabinum
694 1305 834 1387 amicum
857 1304 938 1368 alias
967 1273 1220 1400 adiunxissetv.
1239 1300 1399 1386 29-34):

342 1450 498 1517 ‘Candido
520 1449 670 1532 Penelope
692 1449 815 1532 siparuu
838 1448 975 1530 copuooil
1002 1446 1123 1512 Ulixis:

343 1559 432 1641 Lepit
453 1558 492 1622 ol
514 1558 685 1640 Hippolyto
707 1557 824 1637 scripto
846 1575 974 1620 uoodcc
995 1573 1068 1618 suo:

342 1665 415 1729 Iuro
432 1666 507 1747 pius
531 1665 652 1729 Aeueas
674 1665 806 1728 miserae
827 1662 984 1743 rescripsit
1005 1661 1151 1725 Elissae:

341 1773 477 1856 quodque
500 1772 580 1853 lepul
601 1770 737 1854 Pipllis,
760 1771 789 1834 si
811 1769 899 1833 ruodo
921 1768 1009 1846 viril,
1032 1768 1123 1832 adest.

285 1947 287 1952 ,
343 1881 456 1945 Tristis
478 1880 521 1943 ad
542 1877 737 1961 prsippleu
759 1877 798 1941 ob
821 1876 935 1941 losoue
958 1876 1061 1940 littero
1082 1876 1179 1940 ocull:

341 1987 405 2051 Del
425 1991 526 2051 ootrru
550 1985 673 2050 Phoebo
696 1984 803 2049 Lesbis
825 1988 933 2048 oruata
957 1981 1079 2065 lproru’.

252 2130 367 2212 Neque
386 2127 532 2191 Macrum
552 2127 669 2212 ipsum,
688 2127 818 2192 etiamsi
841 2150 892 2191 res
912 2125 1047 2191 bellicas
1068 2130 1202 2190 conetur
1221 2124 1399 2206 concinere,

253 2237 409 2300 Amorem
432 2255 565 2316 prorsus
589 2256 685 2317 posse
708 2235 896 2320 neglegere,
920 2257 996 2298 nam

341 2377 398 2443 ‘Er
420 2377 517 2442 Puris
539 2377 666 2442 estillic
688 2381 717 2441 el
738 2378 893 2459 adsultare,
916 2376 1015 2442 uolile
1037 2376 1167 2458 crirueu,
1204 2440 1208 2444 .

342 2490 371 2550 el
392 2505 488 2550 eorues
510 2485 640 2550 ecliuolo
664 2485 842 2550 lioodaruio
863 2484 950 2549 oiro’.

252 2629 321 2692 Has
345 2650 396 2692 res
421 2625 568 2691 Macrum
591 2627 748 2692 libentius
773 2628 926 2711 amplecti
949 2631 1046 2710 putat
1069 2630 1167 2710 poeta
1191 2647 1288 2709 quarn
1312 2625 1399 2689 bella

254 2738 286 2797 et
310 2734 350 2798 ab
374 2734 440 2798 illis
464 2734 499 2798 in
522 2756 580 2798 sua
604 2739 711 2798 castra
734 2738 908 2798 venturum
931 2757 1011 2799 esse.

341 2839 431 2905 Haec
449 2842 516 2905 lere
536 2861 663 2904 summa
682 2840 785 2904 totius
805 2841 944 2926 elegidii.
978 2840 1049 2906 Iam
1064 2845 1268 2910 transeamus
1288 2842 1329 2905 ad
1343 2862 1398 2905 eos

251 2970 362 3012 versus
392 2948 673 3032 contemplandos,
707 2969 789 3031 quos
822 2949 862 3012 ad
890 2949 1026 3013 verbum
1056 2947 1235 3012 attulimus.
1289 2946 1399 3031 Atque

251 3078 362 3120 versus
385 3055 424 3119 19
441 3077 512 3139 sqq.
550 3053 702 3118 Ovidium
721 3055 759 3119 de
774 3053 972 3121 Heroidibus
992 3056 1161 3141 scripsisse
1181 3076 1239 3138 per
1260 3076 1294 3118 se
1318 3054 1399 3118 satis

251 3167 399 3246 apparet3
427 3163 508 3227 illud
537 3166 646 3226 autem
671 3162 940 3227 considerandum
964 3167 1027 3240 est,
1057 3185 1216 3246 quaenam
1245 3161 1311 3226 sint
1335 3160 1399 3244 epi-

251 3269 356 3333 stulae
380 3269 437 3334 illo
462 3270 534 3333 loco
559 3273 840 3333 commemoratae.
886 3269 923 3333 Id
947 3273 1078 3333 constat
1104 3268 1192 3332 inter
1218 3289 1329 3332 onmes
1353 3267 1399 3330 in-

252 3396 321 3438 esse
342 3374 436 3438 iniis
456 3375 529 3439 illas
550 3373 722 3461 epistulae,
742 3398 822 3459 quas
838 3375 973 3440 Ovidius
994 3376 1188 3458 aPenelope
1203 3376 1243 3439 ad
1258 3374 1397 3458 Ulixem,

252 3503 271 3542 a
294 3479 444 3564 Phyllide
475 3481 515 3544 ad
538 3481 835 3566 Demophoontem,
865 3481 1033 3548 aOanace
1062 3484 1100 3546 ad
1129 3481 1327 3564 Macareum,
1358 3482 1398 3544 ab

251 3586 394 3651 Ariadne
423 3588 463 3651 ad
487 3586 660 3674 Theseum,
689 3613 708 3654 a
731 3589 879 3654 Phaedro
908 3591 948 3654 ad
971 3590 1202 3675 Hippolytum,
1230 3612 1249 3653 a
1271 3587 1398 3653 Didone

251 3695 291 3758 ad
311 3694 464 3778 Aeneam,
484 3718 503 3759 a
523 3694 695 3778 Sapphone
715 3698 755 3761 ad
773 3697 940 3761 Phaonem
964 3697 1056 3761 datas
1081 3719 1151 3762 esse
1169 3695 1313 3781 finxerit3
1335 3696 1396 3760 hae

250 3805 360 3864 autem
380 3807 456 3866 sunt
480 3803 637 3887 epistulae
660 3804 766 3869 nostri
785 3804 877 3888 libri,
902 3805 930 3869 si
949 3827 1023 3869 eum
1042 3803 1222 3868 carminum
1241 3803 1396 3888 ordinem,

250 3929 346 3991 quem
374 3909 475 3974 habes
503 3911 538 3973 in
565 3910 707 3975 editione
736 3911 947 3996 merkeliana,
976 3910 1068 3994 sequi
1091 3911 1255 3975 volumus:
1281 3910 1396 3994 prima,

250 4015 366 4098 altera,
389 4016 572 4100 undecima,
600 4017 738 4101 decima,
767 4023 897 4102 quarta,
922 4018 1074 4102 septima,
1103 4018 1247 4101 adquae
1272 4019 1395 4083 accedit

250 4120 401 4207 Sapphus
425 4123 566 4207 epistula
590 4125 673 4208 apud
697 4124 891 4190 Merkelium
912 4147 1047 4190 numero
1071 4147 1193 4190 carens.

338 4229 470 4314 Restat,
503 4235 540 4294 ut
572 4231 752 4318 videamus,
785 4233 863 4316 quid
891 4232 998 4298 verbis
1027 4231 1125 4315 ‘quod
1146 4232 1243 4297 Paris
1266 4237 1294 4296 cl
1315 4233 1396 4297 mole

245 4341 356 4416 protus
378 4337 454 4402 Ioso
482 4337 598 4420 lepout’
623 4335 666 4425 (r.
680 4338 738 4426 23)
766 4343 865 4424 poeta
888 4340 1072 4427 significare
1097 4338 1245 4404 voluerit.
1291 4337 1419 4405 Laoh··

249 4464 387 4508 mannus
418 4467 615 4530 quamquam
638 4446 658 4510 l.
678 4446 698 4512 l.
721 4469 787 4514 non
812 4447 963 4516 credibile
988 4469 1058 4510 esse
1081 4446 1223 4534 putavit,
1256 4468 1330 4510 eum
1355 4446 1393 4514 de
