3346 4934
672 297 971 409 ⁴-2o-

450 507 562 588 ‘Saepe
584 527 635 590 epo
658 508 775 588 decepto
797 507 881 570 volni
903 507 1022 570 custode
1044 505 1167 570 reverti:

449 616 501 678 sed
522 634 570 677 me
592 615 646 695 qut
669 614 811 677 timidam
829 613 999 696 prenderet,
1023 611 1117 677 tostis
1139 617 1212 676 ονοδ.

449 720 486 785 st
504 741 668 803 propressa
688 721 796 802 sorem,
819 740 942 802 caperer
965 739 1003 782 νοο
1024 723 1108 783 noete
1131 718 1290 794 timebam

449 828 615 910 quamlibet
636 828 679 891 ud
701 825 826 891 Priami
848 847 962 891 munus
984 827 1070 890 itura
1092 823 1227 890 aarum?
1252 813 1254 817 ’

379 949 469 1016 Haec
492 950 647 1016 Lehrsius
671 951 720 1015 ita
743 955 931 1034 comparata
955 973 1024 1016 esse
1049 950 1230 1034 contendit,
1256 952 1294 1014 ut
1317 948 1436 1013 Brisei-

291 1059 373 1141 dem,
398 1058 546 1141 quamvis
571 1058 655 1141 apud
674 1057 954 1142 Agamemnonem
975 1058 1028 1141 sit,
1052 1062 1163 1121 tamen
1185 1079 1252 1121 non
1274 1079 1338 1122 una
1362 1079 1436 1121 cum

291 1164 419 1230 Achille
443 1164 558 1229 iisdem
577 1164 748 1230 incastris
768 1165 891 1228 versari
912 1165 1079 1228 credamus
1098 1184 1228 1227 necesse
1248 1163 1299 1227 sit.
1337 1162 1439 1242 ‘Qerid

290 1272 371 1335 enirn
401 1269 469 1355 est,'
502 1270 623 1353 inquit,
655 1269 727 1336 ‘cur
748 1292 806 1353 per
831 1272 983 1336 Troianos
1010 1269 1152 1352 sapiet?
1199 1269 1273 1334 Iure
1301 1270 1351 1335 vir
1380 1270 1436 1334 ille

291 1377 499 1442 doctissimus
522 1378 558 1441 in
580 1376 631 1440 his
654 1377 800 1442 versibus
824 1377 983 1461 haereret,
1007 1377 1035 1440 si
1053 1375 1176 1440 Briseis
1197 1376 1261 1440 sibi
1283 1399 1341 1460 per
1359 1376 1437 1441 Tro-

291 1484 383 1548 ianos
406 1483 597 1569 fugiendum
621 1506 691 1548 esse
715 1488 826 1568 aperte
850 1485 984 1568 diceret,
1013 1483 1095 1547 nihil
1120 1486 1229 1548 autem
1254 1483 1340 1548 aliud
1364 1506 1435 1548 earn

292 1591 397 1656 dicere
422 1594 566 1676 apparet,
592 1612 691 1674 quam
715 1591 845 1656 anxiam
869 1590 1027 1655 sciuisse
1052 1595 1149 1674 atque
1173 1611 1374 1677 suspensam,
1395 1613 1436 1656 ne

291 1701 387 1762 nocte
418 1698 459 1761 ab
492 1697 644 1762 hostibus
677 1698 881 1782 excipiretur.
927 1697 973 1762 nt
1001 1702 1089 1763 recte
1120 1698 1258 1781 quidem.
1304 1697 1437 1763 Etenim

292 1826 366 1868 cum
395 1825 459 1867 non
489 1803 555 1867 nisi
584 1803 691 1868 noctis
722 1808 869 1886 tempore
901 1803 1000 1888 fugae,
1029 1826 1099 1869 sese
1131 1804 1284 1868 mandare
1317 1792 1438 1888 posset,

292 1909 467 1974 verendum
492 1909 520 1972 ei
545 1914 630 1995 erat,
652 1933 693 1974 ne
716 1911 755 1974 de
779 1914 868 1974 recta
891 1909 945 1974 via
968 1909 1141 1974 deflectens
1163 1910 1198 1973 in
1222 1910 1437 1974 Troianorum

292 2019 493 2099 potestatem
521 2017 665 2100 caderet,
695 2016 890 2100 praesertim
923 2038 996 2080 cum
1028 2037 1066 2080 ec
1099 2016 1210 2080 ordine
1240 2014 1437 2080 Graecorum

291 2144 390 2186 naves
414 2123 539 2206 positas
562 2122 663 2187 fuisse
683 2123 846 2187 Homerus
869 2123 894 2188 A
918 2146 945 2187 ν.
966 2124 1070 2207 hsqq.
1089 2123 1207 2207 tradat,
1230 2125 1268 2186 ut
1292 2121 1437 2185 Achilles

294 2232 475 2305 extremum
498 2228 607 2294 locum
631 2226 798 2315 tenoretl).
839 2228 976 2294 Accedit
1000 2229 1085 2311 quod
1108 2251 1204 2294 versu
1223 2231 1278 2294 20:

454 2353 635 2436 ‘quamlibet
657 2356 700 2418 cd
722 2353 850 2428 Priami
871 2375 985 2419 manas
1007 2355 1093 2417 itura
1116 2352 1247 2418 nurum'

292 2483 391 2562 poeta
409 2500 521 2542 versus
536 2478 720 2543 homericos
739 2480 767 2543 Z
782 2478 847 2543 244
862 2473 961 2564 sqq.²)
975 2478 1104 2542 videtur
1117 2480 1333 2560 respectasse3
1353 2478 1439 2560 quod

293 2607 366 2649 oum
390 2569 461 2649 toto
491 2585 643 2648 carminis
671 2584 787 2649 habitu
816 2585 939 2668 optime
968 2583 1138 2648 convenire
1166 2587 1282 2667 postea
1309 2584 1439 2648 demon-

294 2691 462 2755 strabitur.

381 2797 505 2864 Deinde
524 2796 679 2884 hehrsius
700 2798 795 2862 eiecit
814 2819 926 2863 versus
942 2799 1083 2882 31-38,
1103 2798 1220 2882 quihus
1241 2798 1337 2880 dona,
1357 2818 1439 2881 quae

292 2904 394 2991 legati
412 2903 668 2989 Agamemnonis
688 2905 796 2969 verbis
815 2904 939 2969 Achilli
963 2909 1056 2968 erant
1079 2903 1228 2988 polliciti,
1252 2924 1439 2967 enumeran-

293 3015 348 3074 tur
372 3014 405 3073 et
425 3010 554 3093 quidem
574 3011 749 3086 homericis
768 3011 916 3075 versibus
937 3015 1086 3077 accurate
1105 3005 1308 3093 expressis3).
1346 3006 1438 3082 Quod

294 3099 505 3201 quhmobrem
528 3116 658 3202 fecerit,
680 3139 747 3181 non
770 3117 902 3182 addidit.
949 3118 1103 3184 Forsitan
1126 3115 1208 3180 nihil
1232 3114 1295 3179 nisi
1319 3112 1437 3178 versio-

292 3247 367 3289 nem
390 3224 454 3289 loci
473 3224 630 3289 homerici
650 3247 669 3287 a
688 3224 880 3289 recentioris
901 3225 1020 3290 aetatis
1041 3223 1172 3289 homine
1192 3223 1348 3287 insertam
1368 3241 1438 3286 esse

294 3331 473 3396 crediderit.
516 3329 563 3394 At
586 3335 715 3394 tantum
741 3331 848 3410 abest,
876 3336 914 3397 ut
940 3332 994 3397 hic
1018 3330 1295 3396 enumerationem
1322 3327 1439 3393 habea-

294 3460 366 3502 mus
390 3437 514 3501 aridam
537 3459 670 3521 prorsus
695 3442 792 3524 atque
816 3439 973 3523 ieiunam,
996 3443 1034 3503 ut
1057 3439 1092 3502 in
1116 3437 1269 3503 extremis
1293 3435 1440 3501 versibus
1517 3467 1519 3474 s

294 3545 458 3630 insignem
482 3545 643 3628 quandam
672 3549 785 3610 notam
809 3547 963 3610 adfictam
991 3545 1157 3611 videamus
1186 3548 1219 3608 et
1244 3543 1360 3609 Ovidio
1384 3544 1441 3606 mi-

384 3760 410 3825 1)
456 3757 511 3824 (τῆ
531 3757 556 3809 δ’
574 3757 617 3809 ἐπ’
637 3758 782 3823 Ὁδυεεῆοε
801 3758 949 3824 μεγακήτεϊ
966 3760 1013 3824 νηὶ
1033 3757 1159 3825 μελαίνῃ,

453 3848 471 3911 ἥ
491 3847 520 3913 ῥ’
539 3847 569 3898 ἐν
588 3847 710 3914 μετεάτῳ
729 3847 787 3898 ἔεκε
805 3846 963 3910 γεγωνέμεν
982 3846 1162 3914 ἀμφοτέρωεε

452 3937 521 4002 ἠμὲν
541 3936 587 3988 ἐπ’
606 3935 721 3988 Αἴαντος
740 3935 838 3989 κλιείαε
856 3936 1069 4000 Τελαμωνιάδαο

369 4068 371 4072 .
452 4025 502 4090 ἠδ’
521 4025 568 4076 ἐπ’
588 4023 735 4090 Ἀχιλλῆοε,
754 4023 798 4077 τοί
816 4025 848 4090 ῥ’
866 4025 966 4090 έεχατα
983 4029 1053 4091 νῆαε
1071 4025 1142 4078 έλεαε

453 4113 561 4179 εἴμυεαν
579 4112 683 4181 ἠνορέῃ
702 4112 810 4166 πίτυνον
828 4115 873 4165 καί
892 4113 986 4178 κάρτεϊ
1004 4117 1113 4179 χειρῶν.

382 4207 409 4272 2)
455 4202 625 4268 πεντήκοντ’
643 4203 738 4254 ένεεαν
757 4202 874 4268 θάλαμοι
893 4204 996 4256 {scroto
1013 4201 1103 4256 λίθοιο

452 4289 559 4357 πληείοι
578 4291 704 4358 ἀλλήλων
724 4290 901 4357 δεδμημένον
920 4292 989 4344 ἔνθα
1007 4293 1038 4345 δέ
1055 4293 1163 4358 παῖδεε,

453 4371 592 4444 κοιμῶντο
611 4379 740 4444 Πριάμου
759 4379 834 4445 παρὰ
854 4385 974 4447 μνηετῇε
993 4381 1136 4447 ἀλόχοιειν.

385 4469 411 4533 3)
431 4467 576 4535 Leguntur
595 4465 607 4518 I
629 4472 678 4519 121
695 4485 753 4534 sqq.
775 4491 809 4512 ε-
828 4472 881 4520 264
896 4485 955 4535 sqq.
994 4467 1035 4522 cf.
1055 4468 1141 4522 etiam
1159 4469 1247 4522 T243
1263 4484 1323 4535 sqq.
