3346 4934
748 299 962 363 ..25-

281 459 356 522 dam
378 457 570 544 petolan)
595 482 624 542 p.
648 460 713 524 406
729 481 797 543 sqq.
821 459 1003 525 luculenter
1022 461 1262 527 demonstrasse
1283 485 1428 546 praemo

281 566 422 630 nendum
441 569 503 648 est,
527 565 613 628 inter
632 566 805 648 epistulam
825 588 944 630 nonam
970 571 1003 631 et
1022 566 1211 634 Trachinius
1236 569 1427 653 sophocleas

283 695 337 737 eas
353 694 539 756 comparere
555 671 800 758 similitudines,
818 672 1029 738 manifestum
1043 678 1080 739 ut
1094 675 1161 759 fiat,
1180 676 1287 760 ipsum
1305 676 1428 760 Sopho·

263 780 364 843 clem
387 779 473 843 inter
497 801 611 842 manus
634 782 750 863 poetae
774 779 901 843 romani
923 779 1023 845 fuisse
1051 785 1293 867 tractatumque
1322 786 1362 849 ab
1389 807 1427 848 eo

281 908 338 969 per
366 886 513 972 singulos
540 887 631 952 locos
660 885 890 970 amplificantis
917 907 1014 951 more.
1061 885 1132 963 Quo
1160 888 1213 973 fit,
1240 893 1277 952 ut
1305 890 1426 956 multas

281 1014 346 1076 res,
374 993 412 1058 de
437 993 554 1077 quibus
578 993 733 1059 Lchrsius
756 994 790 1057 in
814 993 948 1058 dubium
971 995 1073 1078 venit,
1097 994 1125 1060 si
1149 1017 1203 1060 eas
1227 1017 1300 1061 cum
1324 1019 1427 1062 exem-

280 1099 365 1184 plari
388 1120 519 1185 graeco,
547 1100 697 1166 fortunae
724 1100 835 1165 favore
859 1101 955 1166 nobis
985 1105 1166 1186 reservat0,
1194 1125 1427 1190 comparemus,

282 1207 371 1272 omni
395 1207 571 1274 offensione
595 1230 703 1273 carere
727 1208 822 1273 facile
846 1231 1089 1295 cognoscamus.
1129 1209 1198 1274 Iam
1223 1210 1253 1274 si
1274 1210 1344 1275 viro
1368 1211 1427 1276 illo

237 1296 241 1303 ¹
281 1314 469 1380 doctissimo
493 1316 526 1380 id
549 1319 737 1400 suspectum
760 1316 902 1401 videtur,
926 1319 1013 1400 quod
1035 1316 1191 1382 Deianira
1214 1317 1309 1382 initio
1335 1318 1425 1383 valde

281 1422 430 1498 miretur,
455 1422 643 1509 Herculem,
666 1424 721 1508 qui
743 1425 834 1489 nullo
858 1425 1034 1490 certamine
1058 1425 1192 1490 inferior
1215 1424 1427 1509 discessisset,

278 1529 381 1594 amori
406 1531 628 1614 succubuisse,
655 1535 824 1615 tamquam
854 1531 881 1596 si
908 1554 1030 1596 novum
1058 1532 1121 1596 hoc
1150 1536 1236 1598 esset
1260 1535 1357 1616 atque
1381 1535 1427 1597 in-

278 1637 437 1721 auditum,
469 1638 542 1722 ipsa
569 1638 716 1723 coniugis
745 1637 834 1702 furta
863 1639 1021 1703 memoria
1049 1642 1179 1704 tenente
1213 1643 1246 1704 et
1278 1639 1426 1704 versibus

276 1745 319 1808 49
339 1766 408 1828 sqq.
437 1748 661 1828 percensente,
688 1765 823 1829 prorsus
852 1745 986 1809 eandem
1015 1747 1212 1811 sententiam
1240 1768 1425 1830 expressam

279 1850 422 1915 videmus
447 1851 566 1916 Lichae
590 1851 697 1916 verbis
721 1851 889 1935 sophoclci
912 1875 940 1916 v.
960 1853 1024 1916 488
1041 1874 1123 1936 sqq:

436 1993 480 2057 ὡς
503 1991 596 2058 τᾶλλ’
620 1995 742 2058 ἐκεῖνος
766 1991 863 2056 πάντ’
887 1993 1061 2072 ἀριετεύων
1084 2000 1195 2073 χεροῖν

435 2105 494 2165 τοῦ
516 2106 572 2179 τῆ(
596 2099 628 2164 δ’
651 2099 772 2179 ἔρωτος
796 2100 840 2165 εἰ(
864 2099 985 2164 ἅπανθ’
1006 2102 1109 2180 ἥεεων
1132 2100 1195 2180 ἔφυ
1204 2099 1239 2188 2).

360 2259 484 2325 Deinde
509 2260 537 2325 si
560 2260 717 2325 Lehrsius
741 2264 849 2325 totum
873 2261 995 2344 locum,
1023 2261 1081 2325 ubi
1110 2261 1149 2325 de
1173 2261 1312 2328 Hercule
1338 2264 1423 2348 apud

277 2367 461 2452 Omphalen
484 2371 632 2433 morante
656 2368 774 2453 agitur,
797 2367 880 2431 nihil
904 2390 974 2433 esse
994 2368 1054 2453 ait,
1077 2367 1140 2432 nisi
1165 2368 1424 2436 additamentum

277 2475 438 2560 spurium,
462 2498 526 2559 quo
549 2474 695 2540 narratio
716 2474 851 2558 antiqua
868 2475 968 2539 nimis
987 2479 1185 2561 exaggerata
1203 2476 1256 2562 sit,
1280 2478 1422 2562 genuino

277 2583 418 2648 carmine
442 2583 590 2647 versibus
614 2583 665 2646 64.
691 2582 753 2647 103
769 2604 838 2666 sqq.
865 2581 928 2648 145
944 2604 1014 2666 sqq.
1037 2582 1232 2667 procedente
1261 2604 1423 2651 unacum

277 2686 416 2776 Birrioss)
440 2690 521 2754 illud
545 2693 712 2755 teneamus
735 2711 865 2754 necesse
889 2694 956 2773 est,
981 2688 1159 2774 Omphales
1184 2712 1327 2756 amorem
1349 2692 1422 2757 ideo

277 2821 295 2863 a
327 2801 426 2882 poeta
458 2801 527 2862 tam
559 2796 676 2862 vividis
709 2797 840 2882 depingi
878 2795 1056 2882 coloribus,
1089 2797 1166 2881 quia
1198 2799 1283 2884 apud
1315 2799 1422 2882 ipsum

277 2903 473 2990 Sophoclem
508 2903 703 2970 nominatim
741 2904 864 2968 nullam
902 2903 1033 2988 viderit,
1074 2907 1204 2988 praeter
1240 2903 1448 2988 Omphalen

277 3009 320 3097 (v.
342 3012 406 3076 249
422 3009 507 3097 sqq.)
531 3011 695 3098 castigari.
736 3010 850 3094 Neque
873 3033 949 3075 vero
973 3009 1109 3075 Lehrsio
1134 3010 1253 3074 mirum
1277 3032 1347 3074 esse
1372 3011 1422 3074 de·

276 3118 361 3201 buit,
390 3118 476 3201 quod
505 3119 539 3182 in
564 3117 628 3182 hoc
655 3116 727 3201 ipso
756 3117 897 3181 embolio
925 3118 1100 3182 nonnullae
1128 3138 1180 3181 res
1212 3116 1252 3179 ab
1281 3115 1421 3182 Hercule

277 3229 390 3310 gestae
409 3222 611 3308 iterentur4),
633 3223 827 3307 praesertim
847 3247 919 3288 cum
939 3247 978 3288 ex
996 3225 1047 3310 iis,
1070 3244 1151 3307 quae
1171 3223 1209 3287 de
1228 3228 1421 3308 argumento

278 3333 430 3398 carminis
449 3331 670 3416 exposuimus,
689 3330 878 3395 Deianiram
896 3331 932 3395 in
950 3354 987 3396 eo
1007 3331 1099 3395 enixe
1116 3331 1283 3396 elaborare
1297 3331 1421 3414 liquido

279 3443 446 3524 appareat,
470 3443 507 3502 ut
531 3438 686 3516 maritum
710 3461 804 3502 suum
828 3439 941 3504 crebra
962 3438 1120 3523 pristinae
1144 3437 1347 3504 fortitudinis
1372 3439 1423 3503 ad·

278 3545 456 3611 monitione
485 3547 525 3610 ab
550 3545 634 3610 Ioles
665 3567 774 3610 amore
802 3549 940 3610 revocet.
986 3543 1122 3610 Accedit
1151 3546 1237 3628 quod
1264 3549 1363 3630 poeta
1390 3545 1423 3609 id

276 3653 450 3717 discrimen
477 3653 605 3717 videtur
633 3675 793 3738 servasse,
820 3657 858 3717 ut
883 3674 995 3718 versus
1020 3651 1196 3734 85-100,
1224 3652 1342 3735 quibus
1370 3674 1422 3716 res

275 3760 350 3823 illae
393 3761 596 3843 repetuntur,
637 3759 771 3824 Herculi
812 3759 876 3843 ipsi
922 3758 1096 3842 tribueret,
1135 3760 1231 3821 antea
1268 3757 1423 3822 Deianira

366 3990 392 4058 1)
410 3989 565 4058 Expressae
585 3990 650 4042 sunt
667 3988 739 4043 Mus.
758 3988 836 4042 rhen.
857 3988 909 4042 vol.
926 3986 1001 4040 XXX
1019 3987 1110 4056 (1877)
1128 4003 1155 4054 p.
1170 3989 1320 4040 aas-432.

365 4081 393 4148 2)
412 4078 516 4133 Contra
539 4079 658 4148 apparet
681 4094 715 4132 ex
737 4075 861 4132 heroidis
883 4075 1022 4146 principio
1045 4091 1142 4131 versus
1171 4073 1336 4144 sophocleos
1364 4089 1422 4129 non

274 4185 331 4222 una
349 4185 412 4221 eum
430 4166 574 4221 Dindorfio
593 4167 701 4237 spurios
720 4181 780 4221 esse
798 4164 952 4222 habendos.

364 4261 391 4326 3)
409 4274 436 4325 p.
451 4260 512 4310 40⁷.

295 4389 303 4404 .
364 4347 392 4414 4)
411 4343 562 4400 Diomedes
582 4343 661 4412 equis
681 4343 718 4397 ad
737 4342 927 4398 devorandum
946 4343 1072 4398 obiectus
1091 4361 1118 4398 v.
1134 4347 1246 4398 cir-90.
1285 4339 1420 4395 Cerberus

273 4435 304 4490 in
322 4436 414 4490 lucem
432 4434 591 4504 protractus
609 4451 634 4488 v.
650 4437 692 4487 38,
708 4438 749 4488 93.
778 4431 888 4487 Gemini
906 4449 1012 4503 angues
1032 4433 1068 4488 ab
1086 4431 1194 4486 infante
1208 4429 1271 4485 elisi
1286 4449 1311 4486 v.
1323 4437 1365 4487 21.
1377 4435 1418 4486 58.
