3346 4934
762 313 977 378 „32ss

296 468 447 534 Iasonem
476 475 673 556 extraxerat,
702 473 831 557 saepius
860 477 1107 540 commemorari
1136 482 1169 541 et
1193 477 1333 545 Creusae
1363 505 1441 568 opes

296 577 405 642 verbis
428 578 502 662 plus
525 601 591 642 uno
614 579 687 644 loeo
712 601 809 662 quam
834 581 973 645 maxime
996 585 1186 649 extenuari?

272 759 276 768 Ι
384 684 490 750 Multo
519 685 618 750 etiam
643 686 853 770 suspiciosior
881 685 1016 753 Lehrsio
1046 689 1149 754 altera
1176 692 1336 776 epistulae
1363 718 1440 779 pars

294 791 368 856 inde
398 815 416 856 a
444 815 537 858 versu
570 794 631 857 169
645 792 873 880 'videbatur¹).
919 793 1028 878 Atque
1056 801 1094 861 ut
1122 801 1249 863 taceam
1276 800 1339 865 hoc
1367 802 1439 866 loco

294 897 333 960 de
357 898 539 963 elocutione
563 900 604 963 ab
628 899 686 964 illo
706 899 903 985 vituperata,
924 901 1103 986 permirum
1127 927 1197 970 esse
1221 908 1439 992 contendenti,

295 1005 381 1087 quod
404 1003 518 1070 Medea
541 1029 635 1072 versu
662 1007 725 1072 180
749 1007 849 1074 dicat:

528 1147 628 1229 ‘flebit
648 1155 677 1214 et
698 1150 824 1216 ardores
846 1151 945 1216 anat
966 1153 1079 1217 adesto
1100 1153 1196 1218 meos’

290 1291 425 1375 proinde
449 1314 486 1356 ac
510 1291 537 1355 si
556 1314 675 1356 novam
693 1297 829 1377 nuptam
849 1316 991 1358 cremare
1011 1294 1156 1358 animum
1175 1295 1241 1360 iam
1260 1297 1439 1384 induxerit,

292 1421 365 1462 oum
394 1421 442 1462 vv.
469 1399 528 1463 181
560 1402 593 1463 et
617 1400 680 1464 207
698 1421 766 1483 sqq.
796 1421 882 1484 eam,
910 1401 987 1484 quid
1011 1401 1121 1486 faciat,
1149 1402 1253 1468 adhuc
1277 1404 1453 1470 incertam·

292 1527 362 1569 esse
386 1509 550 1589 appareat,
573 1505 655 1570 illud
675 1507 911 1591 opponendum,
935 1508 962 1571 si
982 1530 1094 1573 versus
1116 1510 1179 1574 180
1198 1510 1295 1575 modo
1315 1511 1434 1576 citatus

291 1613 405 1676 statim
429 1612 609 1696 excipiatur
633 1613 674 1677 ab
698 1613 778 1677 illis:

402 1754 491 1820 ‘dem
512 1754 633 1835 ferrum
656 1756 859 1837 flammaeque
882 1757 1014 1821 adereat
1036 1778 1182 1842 secusque
1204 1757 1323 1840 aeneai,

400 1861 494 1926 bostis
518 1860 646 1926 Medeae
669 1862 774 1927 ualles
797 1863 916 1928 inultas
938 1861 1019 1928 erit'.

288 2004 368 2067 haec
392 2005 491 2068 verba
512 2003 643 2068 nonnisi
666 2003 707 2066 ad
730 2002 937 2066 admirabiles
967 2026 1004 2068 ac
1027 2027 1128 2089 paene
1152 2006 1276 2071 divinas
1301 2007 1433 2072 Medeae

288 2110 373 2175 vires
392 2110 633 2175 inluminandas
653 2109 764 2174 addita
782 2110 947 2194 prioribus
967 2111 1101 2176 minime
1120 2135 1315 2198 repugnare3
1334 2135 1432 2197 porro

291 2217 319 2281 si
343 2219 455 2282 eadem
477 2239 573 2284 versu
597 2218 661 2282 207
686 2216 785 2281 dicat:

377 2360 466 2442 ‘quos
489 2362 625 2442 equidem
648 2365 785 2424 aelredum
810 2395 850 2404 --
874 2361 928 2424 sed
948 2361 1025 2442 qaid
1040 2362 1217 2444 praedicere
1234 2383 1367 2444 poenum

375 2466 498 2533 ediaet'

286 2610 320 2673 id
343 2610 612 2675 considerandum
640 2609 782 2694 videtur,
809 2631 876 2674 non
903 2595 968 2675 uno
997 2614 1127 2674 tantum
1156 2610 1251 2674 modo
1276 2608 1432 2675 Creusam

286 2737 359 2779 cum
384 2715 451 2779 suis
474 2716 544 2801 igni
568 2716 771 2799 pessumdari
793 2717 954 2801 potuisse,
984 2738 1056 2781 eam
1080 2719 1189 2780 autem
1213 2715 1309 2800 viam,
1334 2739 1430 2802 quam

284 2825 399 2904 postea
422 2821 569 2887 Medeam
593 2827 738 2888 secutam
763 2845 832 2888 esse
857 2823 984 2888 aliunde
1005 2827 1144 2908 constat,
1166 2845 1261 2887 versu
1283 2824 1432 2889 18011011

284 2927 433 3013 indicari,
460 2929 509 2994 ita
539 2934 576 2994 ut
603 2953 707 3014 poena
737 2930 876 3014 quodam
905 2931 999 2994 modo
1028 2930 1064 2993 in
1086 2929 1192 2993 medio
1215 2929 1427 3012 relinquatur.

285 3031 437 3099 Ceterum
465 3037 620 3100 adnotare
649 3041 792 3120 oportet,
821 3037 955 3100 verbum
985 3034 1147 3102 ‘odorere'
1170 3058 1237 3100 non
1259 3037 1366 3102 solum
1389 3038 1426 3101 de

282 3141 353 3225 igni
377 3142 449 3226 diei,
472 3143 529 3207 sed
552 3143 651 3206 etiam
676 3143 714 3206 ad
739 3143 819 3207 alias
844 3165 895 3206 res
919 3143 1099 3228 transferri,
1128 3144 1245 3226 quibus
1269 3143 1354 3208 idem
1380 3145 1428 3206 vel

282 3249 396 3330 parilis
420 3249 552 3313 effectus
577 3250 699 3314 edatur.
746 3250 880 3316 sivero
907 3251 989 3315 tales
1013 3250 1103 3315 locos
1127 3251 1292 3334 respicias
1316 3249 1427 3333 quales

282 3358 412 3419 exstant
436 3357 521 3440 apud
545 3356 636 3421 Ovid.
660 3356 791 3421 Heroid.
810 3357 858 3423 IV
879 3359 934 3422 33:

448 3498 498 3564 ‘et
519 3500 590 3564 terre
612 3501 753 3565 suecessit
774 3501 866 3582 dique
888 3502 970 3582 quod
992 3501 1157 3564 adurimur
1179 3498 1261 3581 ipai'

282 3644 315 3704 et
338 3640 454 3706 Horat.
478 3641 583 3707 Oarm.
607 3641 624 3706 I
643 3642 752 3726 27,15
777 3663 861 3726 sqq:

605 3784 698 3866 ‘qaae
720 3790 747 3849 te
768 3805 895 3866 cumque
917 3785 1022 3850 domat
1050 3785 1150 3850 Venas

559 3913 623 3957 aaa
646 3893 852 3957 aabeseeadis
875 3893 982 3956 adserit

559 3999 696 4081 ipeibcs'

371 4176 396 4244 1)
416 4174 448 4226 In
466 4174 626 4228 transcursu
646 4175 710 4228 volo
734 4190 951 4229 commemorare
970 4173 1147 4228 Ehwaldium
1166 4171 1296 4226 Bursiani
1320 4171 1423 4226 annall.

278 4262 370 4316 XXXI
388 4270 483 4336 1³:1⁷5
507 4266 581 4318 reete
605 4281 701 4318 versus
723 4268 860 4319 rea-1⁷1
885 4281 902 4318 a
926 4263 1051 4317 Petersio
1074 4263 1093 4318 l.
1113 4262 1131 4316 l.
1154 4280 1181 4331 p.
1198 4269 1232 4318 30
1255 4262 1285 4315 in
1308 4261 1423 4316 dubium

279 4355 395 4407 vocatos
418 4352 592 4421 defendisse,
617 4369 680 4406 cum
705 4352 740 4406 iis
767 4353 888 4421 demptis
912 4352 1079 4420 sententias,
1103 4367 1175 4419 quac
1198 4351 1287 4405 insint
1310 4350 1340 4406 in
1364 4367 1423 4404 ver—

279 4440 356 4495 sibus
377 4441 617 4510 antecedentibus,
636 4440 721 4495 nimis
741 4441 868 4496 contrahi
887 4441 1000 4497 diceret.
