3326 4930
719 291 959 356 -104-.

351 452 441 517 Haec
475 451 592 536 igitur,
620 473 701 534 quae
733 451 797 516 huc
825 472 926 533 usque
956 450 1166 534 protulimus,
1197 450 1284 516 haud
1311 473 1411 535 parvo

265 559 415 624 videntur
444 580 514 624 esse
543 562 709 624 momento
742 558 782 622 ad
812 558 956 624 carmina
987 558 1045 621 illa
1069 557 1184 622 Ovidio
1213 558 1413 642 vindicanda,

268 687 341 729 eum
378 665 506 750 singula
543 665 701 729 voeabula
742 664 951 750 sIngulasque
984 665 1119 749 phrases
1152 664 1187 728 in
1217 664 1411 730 indubitatis

270 793 398 857 quoque
426 771 588 855 poematis
616 771 690 856 plus
718 771 865 838 minusve
893 771 1080 857 frequenter
1108 793 1271 836 recurrere
1294 770 1412 836 videas.

799 1024 872 1102 §4-

353 1146 416 1211 Sed
435 1150 562 1211 restant
576 1146 676 1210 etiam
691 1147 853 1232 graviora.
888 1146 1201 1231 Contemplantibus
1217 1146 1302 1211 enlm
1317 1148 1411 1216 nobis

264 1254 410 1340 syntaxis
437 1254 541 1339 leges,
570 1254 681 1336 quales
707 1253 742 1317 iu
769 1253 957 1319 heroidibus
987 1254 1178 1320 observatae
1208 1251 1288 1338 sint,
1317 1253 1412 1317 Ovidi

263 1361 383 1444 ubique
407 1360 547 1446 vestigia
569 1359 647 1424 licet
671 1381 876 1445 cognoscere.
914 1359 1006 1436 Quod
1028 1383 1126 1444 quam
1145 1383 1256 1424 verum
1277 1359 1329 1443 sit,
1349 1383 1411 1443 quo

263 1468 368 1554 magis
391 1468 540 1551 patefiat,
563 1467 629 1530 iam
653 1468 811 1550 quaedam
833 1467 897 1531 huc
920 1467 1119 1551 pertinentia
1143 1467 1366 1554 adiungamus.

351 1573 492 1639 Casuum
525 1578 634 1638 autem
667 1597 762 1639 usum
797 1574 996 1638 ovidianum·
1011 1572 1129 1638 Petrus
1157 1573 1233 1638 Hau
1261 1575 1413 1639 disserta-

262 1683 350 1747 tione
374 1681 554 1746 Monasteri
574 1703 657 1745 anno
681 1682 765 1746 1884
789 1681 876 1746 edita
899 1686 968 1745 tam
992 1685 1144 1745 accurata
1163 1682 1319 1746 tractavit
1343 1681 1411 1745 dili-

264 1790 383 1876 gentia,
406 1792 443 1852 ut
466 1788 504 1852 de
529 1810 566 1852 eo
591 1788 739 1871 pluribus
759 1788 941 1872 disceptare
961 1810 1196 1872 supervacuum
1216 1788 1268 1852 sit.
1308 1787 1412 1864 Quam

263 1895 527 1960 dissertationem
556 1894 610 1979 qui
640 1894 810 1978 evolverit,
832 1895 868 1958 in
890 1895 1093 1982 heroidibus‚
1118 1897 1277 1978 quantum
1301 1894 1340 1958 ad
1365 1917 1413 1958 ca·

263 2026 357 2068 suum
393 2023 488 2066 usum
526 2001 661 2085 attinet,
694 2002 802 2065 nullos
837 2001 1047 2066 soloecismos
1081 2002 1186 2066 inesse
1223 2023 1413 2086 persuasum

261 2108 407 2194 habebit,
429 2111 564 2193 propter
589 2131 670 2192 quos
694 2131 793 2172 unam
813 2109 864 2174 vel
883 2109 993 2194 plures
1013 2131 1124 2173 earum
1144 2109 1185 2172 ab
1206 2107 1322 2173 Ovidio
1341 2130 1413 2193 pro-

262 2217 365 2281 fectas
389 2237 460 2280 esse
483 2237 639 2300 negemus
662 2237 793 2280 necesse
818 2215 870 2280 sit.
1055 2212 1063 2216 ’

350 2323 466 2406 Itaque
503 2322 569 2386 iam
603 2322 643 2385 ad
678 2322 743 2386 alia
775 2324 933 2406 quaedam
967 2324 1114 2407 syntaxis
1149 2322 1257 2406 capita
1293 2322 1414 2387 selecta

264 2436 477 2495 transeamus.
525 2427 698 2493 Sciendum
727 2433 837 2492 autem
865 2433 916 2493 est
945 2429 1054 2494 omnia
1077 2452 1115 2494 ea
1138 2430 1299 2513 exempla,
1331 2451 1412 2512 quae

263 2559 280 2601 e
303 2535 462 2600 Tristium
491 2532 690 2599 carminibus
719 2539 752 2598 et
780 2557 818 2599 ex
847 2536 997 2620 epistulis
1026 2559 1064 2600 ex
1088 2534 1195 2600 Ponto
1227 2535 1313 2599 datis
1341 2558 1414 2620 pro·

263 2643 415 2726 feremus,
438 2643 633 2726 deprompta
656 2664 726 2706 esse
750 2665 789 2706 ex
813 2641 923 2707 lacobi
947 2643 1176 2707 dissertatione
1195 2641 1412 2706 rostochiensi

263 2772 346 2814 anno
374 2749 460 2814 1870
489 2749 674 2833 conscripta
698 2747 749 2814 ‘de
775 2750 903 2832 syutaac'
929 2751 965 2813 iu
990 2749 1270 2815 boiamundus
1297 2754 1326 2814 el
1350 2750 1413 2832 epi·

262 2859 354 2923 stulu
376 2877 414 2925 ea
436 2856 536 2920 Pecto
559 2854 739 2944 observetu’.

351 2963 400 3029 Ao
422 2964 566 3048 primum
590 2962 721 3046 quidem
740 2962 937 3046 paucissima
956 2964 996 3027 de
1016 2964 1257 3028 constructione
1278 2963 1415 3049 generis,

261 3071 402 3148 numeri,
427 3092 584 3154 personae
608 3069 772 3134 addamus.

351 3176 522 3241 Vocabula
545 3175 701 3257 ‘utaque'
726 3179 759 3239 et
783 3174 942 3257 ‘quisque'
966 3177 1001 3241 in
1024 3178 1174 3263 epistulis
1199 3200 1237 3242 ex
1256 3177 1362 3243 Ponto
1382 3182 1415 3242 et

263 3283 428 3350 Tristibus
452 3305 526 3347 cum
549 3283 670 3366 plurali
692 3304 828 3347 numero
850 3305 917 3347 non
937 3285 1187 3370 coniunguntur,
1211 3284 1274 3348 nisi
1294 3285 1334 3348 ad
1352 3285 1413 3368 pri-

262 3413 349 3455 mam
374 3391 425 3454 vel
450 3388 623 3454 secundam
647 3411 822 3474 personam
845 3390 1072 3478 respiciunt¹);
1095 3391 1181 3456 idem
1204 3392 1413 3456 observamus

261 3498 295 3562 iu
317 3496 520 3562 heroidibus:
548 3494 629 3560 XIII
653 3496 715 3560 130
739 3495 870 3562 ‘sescus
897 3500 1023 3582 quisque
1049 3499 1143 3562 reda'tc
1170 3496 1300 3582 domos',
1329 3499 1414 3581 quod

263 3608 376 3669 contra
409 3602 489 3668 XIV
521 3604 582 3668 118
619 3603 759 3689 legimus
791 3600 941 3686 ‘accipiat
976 3605 1122 3670 lacrimas
1158 3609 1288 3690 utruque
1325 3605 1414 3668 turba

262 3707 371 3776 meas'.
410 3709 449 3775 ef.
473 3708 566 3775 1143
592 3708 636 3774 ‘si
663 3712 699 3775 de
727 3716 770 3775 lot
792 3712 882 3776 laesas
904 3731 963 3776 suu
985 3713 1118 3776 1111111111
1140 3712 1414 3792 aeneadarum

262 3816 415 3882 uindicel'.
436 3816 483 3880 IV
499 3816 540 3881 28
556 3815 601 3881 ‘et
613 3819 735 3899 parator
752 3819 963 3900 nostramfiel
981 3823 1105 3904 aterque
1123 3814 1256 3883 uccens'.
1278 3819 1343 3882 114
1364 3816 1414 3881 ε111

216 3909 220 3916 ’
263 3926 385 4007 mapale
409 3925 484 3989 laesi
506 3923 595 3988 rebus
617 3929 742 4006 setaque
764 3923 898 3990 sumus'.
929 3923 959 3989 V
978 3925 1021 3989 46
1046 3923 1242 3990 ‘abaciacus
1266 3925 1413 3988 lacrimas

260 4036 394 4096 maestus
411 4036 536 4116 uterque
553 4029 653 4096 suas'.
674 4030 779 4096 V162
799 4031 992 4096 ε1111111111
1010 4033 1115 4098 almus
1134 4037 1259 4114 utaque
1270 4029 1413 4114 pureos’.

259 4136 290 4201 X
311 4138 353 4201 74
376 4136 466 4202 ‘dum
488 4143 628 4203 uestrum
650 4139 732 4204 uiuet
753 4136 902 4220 uterquc'.

351 4331 377 4398 1)
396 4329 436 4384 cf.
456 4330 551 4385 Iacobi
569 4330 587 4384 l.
606 4330 624 4384 l.
645 4349 670 4400 p.
687 4337 710 4388 6.
748 4330 780 4384 In
803 4331 1078 4401 metamorphosibus
1098 4330 1182 4386 aliter
1200 4347 1244 4386 res
1265 4347 1294 4386 se
1313 4329 1410 4386 hebet

262 4417 296 4474 cf.
316 4417 458 4486 Draeger:
478 4418 555 4489 Synt.
575 4417 624 4474 lat.
644 4417 709 4476 hist.
730 4419 875 4488 1111113.
