3346 4934
752 335 967 399 „13-

286 497 334 561 vit
358 500 391 560 et
414 495 480 560 iam
505 497 545 560 ab
568 518 680 560 eorum
703 495 852 578 partibus
873 498 969 578 stare,
994 495 1050 578 qui
1074 517 1185 559 omnes
1208 495 1357 560 heroides
1382 518 1433 559 ex-

286 608 380 686 cepta
414 601 564 687 Sapphus
599 602 741 687 epistula
773 603 813 666 ab
848 601 964 666 ovidio
1002 601 1166 686 profectas
1200 623 1269 667 esse
1306 605 1432 685 putent.

286 709 380 785 Quod
409 713 523 775 contra
551 708 740 774 Ehwaldius
769 708 790 773 l.
814 704 862 794 l.¹)
893 707 1015 773 talibus
1045 708 1341 792 observationibus,
1368 708 1432 772 nisi

286 817 350 881 alia
373 818 528 882 accedant
552 819 758 902 argumenta,
785 815 872 880 haud
896 815 1038 879 multum
1066 814 1151 879 effici
1180 819 1267 880 recte
1296 814 1432 879 monuit.
1544 853 1547 859 ·

285 923 391 999 Quare
415 924 514 988 etiam
537 945 604 987 non
628 922 733 1008 magis
756 922 926 1006 probanda
948 921 1077 986 ridetur
1100 922 1185 986 ratio
1210 921 1432 986 aWolframo

286 1030 468 1114 Zingerleio
493 1029 648 1112 adhibita,
673 1029 729 1113 qui
748 1029 783 1092 in
800 1029 913 1094 libello
934 1051 1032 1113 supra
1052 1032 1306 1108 commemorato
1331 1028 1433 1092 omni-

285 1137 346 1200 bus
370 1136 411 1200 iis
434 1136 605 1200 heroidum
627 1135 708 1200 locis
729 1133 888 1220 collectis,
912 1135 1030 1219 quibus
1054 1135 1089 1199 in
1112 1136 1228 1200 ceteris
1248 1133 1343 1200 Ovidi
1367 1157 1433 1198 car-

286 1243 428 1308 minibus
458 1242 580 1328 singuli
603 1243 667 1307 Ioci
690 1243 903 1326 respondent,
933 1263 1044 1308 omnes
1074 1241 1224 1307 heroides
1249 1241 1363 1306 Ovidio
1389 1246 1434 1304 at-

287 1349 475 1414 tribuendas
500 1371 570 1413 esse
593 1350 816 1414 demonstrare
840 1349 1024 1432 temptavit.

375 1455 502 1539 Restat,
525 1459 562 1520 ut
580 1454 677 1521 unius
696 1454 758 1519 viri
777 1455 976 1520 mentionem
995 1455 1175 1539 iniciemus,
1199 1455 1255 1538 qui
1272 1454 1432 1536 heroides

289 1563 365 1647 quia
389 1567 497 1628 essent
525 1561 723 1647 ineptiarum
746 1561 969 1646 plenissimae,
996 1562 1036 1626 ad
1060 1585 1160 1626 unam
1184 1582 1295 1625 omnes
1319 1558 1434 1625 Ovidio

288 1671 439 1755 indignas
464 1692 533 1736 esse
558 1669 693 1734 censuit.
739 1667 912 1733 Lehrsium
936 1667 1023 1755 dico,
1047 1667 1193 1733 divinum
1215 1668 1310 1732 illum
1332 1667 1436 1751 philo-

290 1778 403 1862 logum
434 1780 467 1841 et
497 1776 535 1840 de
564 1776 685 1840 litteris
717 1775 843 1861 graecis
873 1779 942 1839 tam
972 1775 1053 1839 bene
1083 1775 1307 1858 promeritum.
1361 1772 1434 1834 Per-

290 1885 411 1948 multos
439 1883 536 1947 hodie
565 1905 616 1968 ea,
644 1905 725 1967 quae
754 1882 809 1946 ille
837 1883 875 1946 de
904 1881 965 1946 hac
993 1904 1027 1946 66
1057 1877 1254 1965 exposuit2),
1281 1876 1433 1941 inmerito

291 1990 422 2054 silentio
446 1989 623 2073 praeterire
647 1989 698 2054 661
726 1987 922 2075 (1666166663)
951 1989 1044 2053 valde
1067 1988 1241 2051 dolendum
1269 1989 1332 2068 est,
1359 2005 1435 2046 nam

291 2097 369 2162 licet
387 2097 437 2160 vir
455 2096 511 2160 ille
530 2095 738 2160 doctissimus
757 2095 792 2159 in
814 2095 876 2160 hac
895 2117 930 2159 re
949 2096 1082 2159 modum
1106 2093 1309 2177 aliquantum
1332 2093 1435 2153 trans-

289 2204 380 2288 ierit,
416 2208 527 2268 tamen
554 2225 571 2266 6
596 2187 872 2267 vcommentatione
901 2203 984 2285 eius,
1017 2201 1106 2266 omni
1140 2221 1203 2283 quo
1237 2201 1307 2262 erat
1336 2195 1437 2260 animi

292 2311 438 2376 acumine
458 2314 491 2375 et
510 2309 656 2374 sollertia
673 2309 866 2394 composita,
882 2307 1045 2373 neminem
1064 2308 1151 2371 leves
1167 2309 1297 2370 tantum
1310 2302 1436 2366 fructus

291 2421 521 2500 percepturum
545 2438 614 2480 esse
639 2416 774 2481 confido.

384 2523 446 2588 Sed
473 2524 552 2588 haec
576 2523 706 2605 quidem
728 2522 895 2587 hactenus.
940 2520 1012 2584 Iam
1040 2519 1174 2602 planum
1198 2539 1268 2581 6666
1291 2520 1372 2600 puto
1396 2517 1437 2580 iis

294 2631 412 2714 modis,
442 2631 559 2715 quibus
584 2630 687 2694 adhuc
711 2630 774 2694 viri
797 2629 885 2694 docti
908 2628 959 2692 usi
984 2629 1073 2710 sunt,
1102 2625 1327 2708 quaestionem
1350 2623 1437 2687 finiri

293 2760 360 2802 non
381 2759 486 2822 posse.
523 2735 628 2800 Immo
648 2758 724 2800 vero
748 2737 868 2818 rebus,
891 2735 935 2799 de
956 2733 1097 2818 quihus
1122 2732 1254 2816 agitur
1272 2752 1292 2794 a
1309 2733 1438 2813 poeta,

295 2849 333 2908 61
366 2845 525 2926 ratione,
558 2865 630 2926 qua
660 2843 792 2928 agitur
824 2843 867 2906 de
899 2841 964 2926 iis,
1001 2839 1215 2925 diligenter
1248 2835 1437 2916 excussis,

293 2974 381 3015 num
418 2951 498 3014 ulla
534 2950 704 3014 inveniri
740 2949 880 3034 possit
917 2969 1032 3012 causa
1069 2944 1327 3029 quaerendum
1364 2942 1437 3021 est,

294 3061 455 3141 propter
478 3079 588 3140 quam
612 3057 767 3121 666661
790 3056 924 3139 plures
943 3052 1146 3117 heroidum
1170 3048 1306 3116 Ovidio
1330 3044 1437 3110 abiu-

295 3164 653 3228 (110661666666666
677 3163 738 3227 sit.

383 3270 456 3336 Hoc
478 3269 574 3334 nobis
598 3271 638 3333 ad
661 3269 868 3334 tractandum
886 3267 1093 3351 propositum
1112 3267 1162 3330 est
1181 3268 1214 3328 et
1233 3260 1363 3346 quidem
1381 3259 1438 3342 ita,

295 3382 333 3441 ut
346 3379 488 3461 primum
509 3376 769 3461 quattuordecim
783 3375 906 3459 primas
921 3374 1079 3458 epistulas
1100 3371 1236 3436 seorsim
1254 3386 1439 3452 percensea-

295 3506 381 3569 mus3
405 3483 490 3567 quod
513 3483 644 3566 nemini,
669 3483 724 3566 qui
747 3483 865 3547 horum
887 3481 1067 3546 carminum
1087 3481 1239 3542 naturam
1261 3474 1312 3538 vel
1334 3472 1440 3537 obiter

294 3590 431 3675 noverit,
451 3589 569 3653 mirum
588 3590 759 3655 videbitur.
787 3588 1021 3672 Inquirendum
1039 3585 1141 3669 igitur
1159 3581 1255 3648 nobis
1273 3580 1336 3642 hac
1355 3599 1439 3641 com-

184 3706 185 3710 ’
295 3698 506 3762 mentationis
530 3699 623 3780 parte
646 3697 681 3760 in
704 3695 918 3779 epistularum
941 3692 1088 3774 tertiam,
1117 3691 1282 3768 octavam,
1310 3705 1441 3765 nonam,

294 3805 527 3888 duodecimam,
550 3803 683 3867 tertiam
702 3803 870 3886 decimam,
893 3804 1044 3884 quartam
1067 3795 1235 3875 decimam,
1259 3792 1297 3855 de
1322 3789 1439 3874 quibus

296 3911 476 3996 ambigitur
498 3911 602 3975 hodie.

760 3997 973 4008 m

385 4107 412 4172 1)
430 4103 509 4158 Burs.
530 4102 633 4158 annall
653 4101 742 4156 XLIII
760 4120 786 4172 p.
804 4106 855 4156 208
871 4119 911 4169 sq.

384 4195 411 4262 2)
435 4192 468 4245 In
500 4188 750 4256 commentatione,
779 4207 835 4258 qua
866 4187 1045 4244 continentur
1075 4183 1273 4240 ‘Adversarius
1298 4181 1366 4234 a'ber
1398 4178 1442 4231 6116

294 4288 480 4353 eope-naamon
501 4281 663 4336 Ovidischea
681 4279 820 4346 Epistela’
842 4294 857 4332 e
876 4273 1050 4332 Fleckeiseni
1076 4272 1226 4328 aunella.
1247 4274 1316 4323 1873
1340 4267 1442 4323 iterum

296 4388 427 4442 expressa
444 4372 474 4424 in
493 4368 617 4423 editione
636 4365 736 4421 Horati
753 4385 781 4436 p.
797 4362 1067 4421 CCXXII—CCLIV.

385 4464 412 4528 3)
431 4459 472 4513 Cf.
493 4457 664 4523 Sedlmayer,
683 4452 769 4509 Proll.
788 4454 848 4509 crit.
868 4472 895 4522 p.
912 4457 944 4508 78
964 4455 1079 4506 60159.
