3326 4930
695 341 739 352 -
787 307 848 371 121
897 344 936 352 .-

243 469 469 552 subsequatur.
515 466 605 532 Haec
629 466 716 532 euim
740 466 792 532 lex
814 467 966 553 neglecta
988 471 1039 532 est
1062 468 1097 532 in
1119 468 1389 552 metamorphosi-

244 576 313 659 bus,
337 597 353 638 e
373 575 491 660 quibus
510 574 777 662 Erchcnburgius
801 574 871 659 ipsc
895 599 924 659 p.
948 575 988 640 10
1011 576 1100 640 locos
1119 575 1293 642 nonnullos
1317 599 1390 640 eno*

243 681 341 766 tavit,
371 682 489 766 quibus
512 682 623 747 hiatus
647 680 762 746 autin
788 682 897 766 priore
920 683 1100 748 hexametri
1123 686 1216 767 parte
1240 687 1390 747 occurrat

243 792 300 854 aut
321 787 449 853 nullum
470 810 591 855 nornen
613 789 782 874 proprium
806 789 984 855 antecedat.
1031 787 1079 855 cf.
1102 787 1180 854 Met.
1199 787 1248 854 IV
1268 788 1333 857 535
1357 793 1390 853 et

245 895 276 958 V
296 896 370 960 312.

334 1001 493 1068 Similiter
516 1005 645 1072 ridetur
671 1003 878 1069 iudicandum
901 1003 940 1068 de
962 1004 1017 1088 iis,
1046 1024 1128 1088 quae
1151 1001 1306 1067 Lehrsius
1329 1002 1350 1066 l.
1369 1003 1389 1068 l.

243 1133 274 1194 p.
293 1108 459 1176 OOXXIV
486 1111 730 1195 animadvertit,
760 1111 801 1175 ab
830 1110 975 1176 Antonio
998 1108 1146 1176 Vierbelo
1176 1110 1211 1174 in
1239 1109 1391 1175 disserta-

244 1217 334 1281 tione
365 1217 513 1302 lipsiensi
546 1217 611 1284 ‘Dc
637 1218 772 1284 cosmus
797 1224 963 1300 poetarum
995 1219 1165 1283 latinorum
1196 1215 1389 1301 spondiucis'

244 1347 271 1388 a.
294 1325 378 1390 1863
401 1348 433 1409 p.
456 1327 496 1392 10
515 1349 561 1410 sq.
585 1348 655 1391 esse
684 1327 957 1409 demonstratum,
988 1325 1140 1390 Ovidium
1167 1346 1328 1408 nusquam
1356 1323 1390 1388 in

245 1436 361 1516 quarto
390 1434 469 1516 pede
497 1433 679 1498 hexametri
707 1432 874 1516 spondiaei
904 1432 937 1495 in
965 1430 1171 1515 trisyllabum
1198 1453 1310 1496 vocem
1340 1455 1391 1495 ex-

245 1539 366 1623 euntis,
389 1541 446 1623 qui
470 1541 555 1622 apud
579 1561 653 1604 eum
677 1538 938 1624 quattuordecim
960 1537 1041 1602 locis
1066 1541 1184 1622 exstet,
1212 1538 1391 1622 spondeum

245 1645 394 1729 posuisse
408 1647 473 1711 nisi
488 1646 587 1712 semel
606 1646 641 1710 in
660 1645 980 1729 metamorphosibus
996 1649 1029 1710 ct
1044 1645 1174 1729 quidem
1189 1645 1229 1710 ad
1246 1646 1395 1710 autumni

245 1757 397 1817 naturam
421 1757 496 1840 apte
520 1750 798 1839 depingendam¹).
837 1751 970 1816 Etenim
995 1753 1082 1835 quod
1105 1751 1230 1818 Nasoni
1254 1752 1288 1816 in
1311 1752 1396 1816 voci-

245 1860 305 1924 bus
324 1859 437 1924 latinis
456 1859 562 1925 facere
581 1859 684 1943 licuit,
702 1859 788 1923 idem
808 1859 838 1922 ei
857 1859 963 1924 multo
983 1860 1088 1946 magis
1108 1859 1142 1922 in
1161 1859 1288 1945 graecis
1303 1881 1394 1925 voca-

244 1966 330 2032 bulis
354 1969 530 2033 concedere
554 1968 717 2033 debemus.
754 1966 929 2032 Praeterea
953 1969 1063 2030 autem
1087 1987 1139 2030 res
1163 1970 1214 2032 est
1236 1988 1395 2052 perquam

246 2073 400 2158 ambigua
423 2077 521 2157 atque
545 2074 671 2139 ineerta
694 2075 735 2139 ab
759 2074 916 2158 exemplis
945 2074 1152 2158 paucissimis
1175 2094 1325 2138 normam
1348 2094 1394 2136 re-

245 2182 364 2262 petere,
388 2179 429 2244 ad
453 2201 550 2262 quam
575 2180 684 2244 omnia
707 2180 898 2265 deriguntur
920 2201 1052 2245 necesse
1076 2179 1128 2245 sit.

334 2285 447 2350 Etiam
470 2285 505 2350 in
527 2308 614 2350 nona
637 2286 777 2370 epistula
800 2285 1029 2352 Lachmanuus
1053 2287 1073 2350 l.
1093 2286 1113 2352 l.
1133 2309 1162 2370 p
1183 2287 1226 2350 60
1250 2285 1394 2348 elisionis

245 2392 335 2478 leges
368 2397 541 2479 perruptas
574 2393 764 2459 recentioris
803 2393 961 2478 temporis
994 2393 1113 2459 indicia
1146 2415 1215 2457 esse
1250 2390 1395 2456 credidit.

247 2498 473 2586 Suspicionem
496 2500 566 2567 eius
589 2503 766 2568 movebant
789 2524 839 2566 vv,
861 2502 932 2566 131.
960 2501 1037 2567 133:

460 2626 609 2707 ‘forsitan
631 2631 660 2691 et
675 2627 771 2708 pulsu
794 2627 934 2691 Aetolide
956 2623 1129 2690 Deianiru'

460 2731 705 2816 ‘Eurytidosque
726 2731 808 2797 Ioles
830 2737 859 2797 et
881 2734 1000 2797 iasuaii
1024 2731 1172 2797 Aloidae?

247 2844 281 2904 et
302 2861 332 2904 v.
355 2841 430 2905 141:

462 2946 600 3012 ‘suuieir
623 2947 760 3012 ocubuit
780 2949 815 3011 ia
841 2946 956 3027 letifero
979 2944 1109 3011 Eueno?

335 3070 432 3156 Apud
448 3069 600 3136 Ovidium
615 3071 701 3135 enim
719 3071 967 3155 productionem
983 3075 1015 3134 et
1030 3070 1156 3135 hiatum
1170 3070 1205 3133 in
1218 3069 1282 3132 fine
1300 3091 1394 3133 voca-

246 3178 316 3243 buli
338 3180 447 3244 locum
470 3177 589 3246 habere
613 3178 819 3263 pernegavit,
849 3177 913 3242 nisi
938 3182 995 3241 aut
1018 3177 1052 3241 in
1075 3177 1174 3240 tertia
1198 3176 1263 3240 arsi
1286 3176 1334 3240 ita
1357 3180 1395 3240 ut

247 3285 408 3368 particula
430 3284 656 3368 monosyllaba
679 3283 729 3349 vel
754 3281 847 3370 ψ)
875 3285 927 3350 vel
952 3283 1038 3349 ‘aut'
1062 3283 1113 3349 vel
1142 3281 1190 3349 ‘0'
1220 3284 1394 3366 subsequa-

248 3395 316 3474 tur,
345 3395 402 3454 aut
426 3390 499 3454 aliis
522 3413 634 3455 versus
657 3391 739 3455 locis
764 3412 880 3476 graeca
904 3414 981 3457 voce
1006 3391 1116 3456 addita
1139 3392 1187 3455 ita
1210 3394 1333 3468 tamen,
1357 3395 1394 3453 ut

247 3498 334 3561 inter
357 3498 437 3561 duos
463 3498 622 3582 spondeos
647 3501 788 3561 metrum
811 3519 878 3561 non
900 3498 978 3562 hiet.
1025 3497 1074 3563 Ac
1097 3498 1239 3582 primum
1264 3495 1393 3579 quidem

249 3625 398 3668 moneam
429 3607 578 3668 constare
609 3604 696 3670 inter
725 3603 812 3668 viros
843 3605 957 3668 doctos
989 3627 1117 3670 versum
1144 3603 1205 3670 133
1238 3603 1393 3667 vitiosum

248 3711 389 3774 remedio
424 3710 527 3775 adhuc
561 3732 671 3796 egere3
704 3709 817 3774 deinde
849 3709 1050 3775 Lachmanni
1083 3711 1226 3774 rationes
1258 3714 1393 3796 prorsus

248 3817 391 3882 arbitror
415 3817 600 3882 confutatas
625 3840 695 3882 essc
720 3815 900 3882 aLuciano
920 3817 1086 3900 Muellcro,
1110 3818 1165 3901 qui
1188 3816 1271 3881 Mus.
1290 3816 1393 3881 Rhen.

248 3925 310 3989 vol.
330 3923 445 3987 XVIII
468 3948 498 4008 p.
519 3925 560 3989 88
576 3947 623 4008 sq.
647 3928 741 3989 tanta
768 3926 989 4009 exemplorum
1014 3924 1179 4010 paucitate
1206 3923 1295 4010 leges
1319 3925 1393 3988 illas

167 4075 170 4082 ·
249 4030 482 4095 subtilissimas
505 4053 563 4115 per
586 4053 620 4096 se
645 4031 725 4096 satis
745 4031 846 4096 videri
865 4032 1010 4096 infirmas
1030 4031 1210 4096 rectissime
1234 4031 1393 4114 exposuit.

251 4135 402 4202 Ceterum
424 4135 507 4201 nihil
531 4135 664 4220 referre,
687 4140 798 4202 utrum
822 4136 948 4221 syllaba
971 4138 1129 4220 producta
1151 4137 1202 4202 vel
1225 4159 1291 4202 non
1314 4137 1395 4202 elisa

249 4273 462 4284 -----·-—-

341 4351 367 4416 1)
386 4347 437 4403 Est
454 4347 545 4404 Meul
562 4354 591 4402 11
615 4347 724 4418 ‘perque
741 4349 838 4404 humes
857 4351 999 4417 aestusque
1012 4353 1038 4402 et
1056 4349 1211 4417 Inaequata
1225 4348 1393 4405 autumuoa’.

339 4438 367 4506 2)
386 4436 463 4491 'I'alis
483 4437 526 4492 est
543 4435 593 4492 ille
612 4455 636 4492 v.
652 4437 717 4492 Vlll
738 4443 778 4492 71.
