3326 4930
744 275 1033 362 -u-‘

373 460 517 524 Helenae
556 482 574 524 a
612 459 736 523 Theseo
778 462 892 542 raptae
933 457 1133 522 mentionem
1173 457 1254 522 facit
1294 458 1428 524 Heroid.

284 566 401 632 V127
418 589 480 652 sq.:

418 672 522 738 ‘illrum
545 674 581 738 de
598 673 708 755 parua
733 672 864 737 Theseus
886 708 930 717 —
952 670 1016 736 uisi
1038 672 1161 736 romine
1180 671 1277 752 fallor
1296 709 1337 720 -

416 781 516 846 neseio
538 780 608 863 quus
633 778 763 845 Theseus
785 779 911 844 obstulit
933 783 1004 843 aute
1026 775 1107 844 suo'.

372 903 450 972 Mer.
468 905 531 970 XV
550 905 628 972 232:

416 1012 592 1097 ‘Tyndaris
614 1018 642 1078 ct
663 1033 772 1096 seuera,
795 1033 850 1077 cur
871 1013 914 1077 sit
935 1012 981 1077 Iu's
1003 1017 1105 1096 raptu,
1128 1011 1283 1094 reqrrr'u't'.

371 1139 502 1203 Phoebe
525 1136 723 1202 Hermionae
748 1159 840 1202 soror
864 1160 892 1202 v.
913 1139 953 1201 77
978 1136 1148 1202 nominata
1171 1137 1255 1222 apud
1276 1137 1429 1203 Ovidium

282 1268 350 1311 non
372 1245 523 1311 occurrit.
566 1244 655 1321 Quae
675 1267 748 1310 cum
772 1245 813 1308 ab
833 1243 990 1328 Euripide
1010 1243 1116 1329 Iphig.
1135 1243 1209 1308 Aul.
1229 1267 1257 1309 v.
1277 1243 1320 1309 50
1344 1267 1428 1309 com·

285 1355 497 1436 memoretur,
526 1374 597 1438 earn
622 1373 660 1415 ex
685 1348 857 1434 Sophoclis
881 1351 1060 1416 Hermiona
1087 1350 1122 1415 in
1144 1351 1229 1416 hanc
1253 1351 1428 1436 epistulam

284 1460 431 1544 suspicor
458 1480 529 1524 esse
557 1458 720 1524 tralatam.
767 1458 871 1543 Idem,
899 1462 937 1522 ut
964 1459 1030 1522 iam
1059 1458 1356 1543 animadvertimus,
1383 1459 1429 1523 di-

282 1567 418 1633 cendum
441 1566 570 1631 videtur
594 1566 632 1630 de
651 1564 831 1630 Hermiona
847 1564 955 1630 Oresti
978 1566 1139 1649 desponsa
1163 1563 1217 1652 (cf.
1231 1589 1260 1630 v.
1275 1568 1316 1631 31
1334 1562 1429 1652 sqq).

370 1673 497 1757 Restat,
521 1676 558 1737 ut
581 1694 685 1756 pauca
708 1672 944 1758 subiungamus
968 1673 1006 1736 de
1030 1676 1136 1737 morte
1159 1672 1308 1756 Achillis,
1332 1695 1427 1757 quem

281 1781 321 1844 ab
352 1779 504 1864 Apolline
532 1779 742 1844 interfectum
770 1801 840 1844 esse
868 1803 897 1844 v.
918 1780 961 1845 83
990 1779 1139 1845 traditur.
1185 1780 1332 1844 Eandem
1359 1802 1428 1844 rem

283 1886 417 1952 Ovidius
441 1887 546 1952 fusius
574 1890 698 1951 tractat
722 1885 797 1950 Met.
821 1883 904 1950 XIII
923 1885 1114 1970 oso-606,
1141 1887 1198 1951 ubi
1222 1886 1349 1952 Paridis
1380 1909 1428 1951 sa-

281 1994 384 2079 gittas
413 1994 454 2057 ab
478 1993 631 2078 Apolline
659 1993 757 2079 dirigi
779 1993 884 2076 finxit,
914 1996 947 2056 et
970 1992 1113 2057 breviter
1137 1997 1266 2059 tantum
1290 1994 1426 2080 attingit

282 2099 360 2165 Met.
379 2099 462 2164 XIII
477 2100 557 2165 501:

438 2225 488 2290 ‘ui
504 2229 669 2308 postquam
691 2226 797 2291 cesidii
818 2224 915 2290 Puris
938 2224 1111 2308 Phoebique
1133 2224 1280 2308 supittis'.

282 2347 364 2436 (scil.
388 2346 557 2437 Achilles).

814 2530 886 2609 §3.

371 2651 420 2718 De
443 2676 547 2718 nonae
570 2653 713 2718 heroidis
736 2653 827 2718 fonte
845 2652 993 2737 pluribus
1013 2652 1170 2718 disserere
1192 2675 1427 2737 supervacuum

283 2764 342 2845 est,
366 2782 440 2825 cum
464 2760 599 2845 Birtius,
627 2761 753 2824 utiam
777 2759 1022 2845 supradictum
1047 2763 1105 2844 est,
1130 2764 1290 2844 quatenus
1314 2767 1428 2827 auctor

282 2890 357 2932 cum
377 2865 538 2952 Sophocle
558 2868 737 2952 conveniat,
756 2867 848 2951 raris,
868 2888 949 2950 quae
969 2866 1178 2958 inueniuntur
1201 2867 1427 2953 discrepantiis

282 2975 419 3040 adfatim
449 2975 620 3058 explicetis
652 2975 822 3059 perspicue
851 2975 1001 3038 videatur
1032 2975 1221 3040 declarasse.
1274 2976 1426 3042 Ovidium

181 3074 184 3090 ¹
282 3086 393 3146 autem
412 3105 507 3166 saepe
525 3083 564 3145 ad
584 3081 711 3146 fabulas
731 3081 924 3165 sophocleas
943 3085 1125 3165 respectare
1145 3082 1335 3147 eTristium
1354 3084 1425 3148 loco

281 3188 391 3272 paullo
416 3193 491 3252 ante
515 3189 688 3273 explanato
711 3188 859 3272 patefieri
881 3211 990 3271 nemo,
1020 3187 1085 3252 nisi
1109 3187 1163 3272 qui
1186 3189 1273 3254 naris
1298 3194 1348 3255 est
1372 3191 1427 3255 ob-

282 3316 364 3380 esae,
387 3295 594 3360 infitiabitur.
641 3295 703 3360 Sed
727 3299 837 3360 tamen
859 3319 900 3360 ne
924 3295 1077 3360 minimus
1101 3293 1200 3359 dubio
1224 3296 1427 3387 relinquatur

281 3401 382 3484 locus,
406 3401 522 3466 addam
546 3423 657 3467 versus
680 3402 868 3468 nonnullos:

370 3505 473 3572 Ibidis
496 3530 610 3573 versus
634 3509 698 3574 259
714 3531 774 3594 sq.:

442 3631 512 3698 ‘uec
529 3634 603 3716 plus
624 3635 760 3716 aspicias
782 3655 877 3716 quum
898 3654 987 3716 quem
1008 3655 1068 3700 sua
1089 3636 1160 3716 filiu
1182 3637 1278 3712 reud;

442 3745 582 3822 rupertus
603 3741 699 3806 sulus
721 3746 773 3826 est,
796 3743 883 3806 usius
905 3746 1029 3823 uterque
1044 3740 1188 3824 pureus'.

282 3862 440 3927 referendi
456 3864 605 3929 videntur
620 3865 659 3929 ad
675 3865 835 3950 Oedipum
855 3867 1032 3948 colomnm,
1051 3866 1085 3930 in
1106 3889 1169 3950 qua
1184 3865 1296 3931 fabula
1316 3890 1426 3932 senem

281 3968 375 4035 illum
407 3970 599 4057 luminibus
618 3972 743 4037 effossis
777 3972 817 4036 ab
851 3971 1019 4056 Antigona
1051 3972 1086 4035 in
1117 3995 1247 4038 scenam
1279 3974 1424 4040 videmus
1520 4013 1526 4024 -

322 4077 436 4142 oduei:

280 4099 320 4160 pr
369 4184 448 4249 Met.
472 4184 505 4248 Il
524 4186 589 4251 286
605 4207 661 4270 sq„
685 4186 712 4250 si
733 4184 867 4251 Ovidius
891 4186 1055 4252 Tellurem
1078 4186 1159 4252 facit
1177 4188 1426 4254 lamentantem:

764 4308 893 4374 ‘murice'
914 4313 1042 4376 uulnera
1064 4314 1167 4377 aratri

494 4422 724 4502 rastrorumque
744 4418 820 4498 fero,
844 4423 959 4501 toroque
976 4440 1112 4506 uereeor
1133 4417 1243 4486 ouuo'.
