3326 4930
759 294 999 359 β-108--

303 439 429 516 veteres
456 474 522 516 non
551 453 664 518 eadem
688 474 817 537 semper
839 455 976 524 honesta
999 459 1032 520 et
1057 457 1166 541 turpia
1188 451 1347 523 iudicasse
1369 481 1451 543 quae

304 580 374 622 noa.
420 558 538 624 Versui
563 563 672 624 autem
698 560 774 624 111:

439 682 618 766 ‘oirqiuitos
638 685 724 765 suctu
746 690 790 750 cst
807 687 965 768 pcucpriui
981 690 1104 770 maccio
1127 689 1274 755 iatrouis'

307 809 429 874 similes
454 811 650 893 respondent
675 810 854 874 sententiae
880 812 963 895 apud
989 812 1142 878 Ovidium
1167 815 1257 879 velut
1280 814 1313 878 ΙΙ
1336 814 1409 880 115:

482 933 549 999 ‘cui
572 955 640 999 uico
661 935 827 1018 cirpiuiios
849 935 956 1002 ooibios
979 937 1076 1002 tituto
1098 939 1236 1004 sinistris

482 1046 623 1126 castoque
644 1043 755 1123 [alioci
776 1063 856 1112 acuo
878 1045 1013 1110 rcoiuoto
1035 1043 1158 1110 mouu’

305 1172 339 1232 ei
362 1166 428 1232 VII
451 1168 512 1232 91:

372 1356 375 1364 ,
484 1292 548 1358 ‘tis
572 1299 674 1358 ioucu
697 1294 808 1376 officiis
830 1297 953 1360 octiuom
975 1301 1115 1360 coutcuio
1135 1296 1266 1377 fuissem

482 1405 511 1465 ci
532 1400 610 1466 ruiti
633 1402 807 1466 concubitus
828 1402 918 1482 foma
940 1404 1059 1484 sepulto
1080 1402 1179 1484 foret?

397 1524 554 1590 Videmus
582 1525 686 1611 igitur
714 1527 814 1591 etiam
842 1526 877 1590 in
900 1528 1081 1600 elocutione
1105 1529 1275 1592 heroidum
1297 1551 1364 1593 non
1387 1552 1455 1594 esse

310 1633 544 1698 offendendum.

775 1779 988 1789 ..m—...0-

847 1971 921 2037 Vll.

400 2097 525 2163 Deveni
545 2101 585 2163 ad
604 2099 753 2163 ultimam
770 2096 970 2181 quaestionis
987 2100 1115 2182 partem
1130 2120 1264 2184 eamque
1283 2121 1349 2163 non
1367 2099 1459 2164 levis-

311 2207 441 2290 simam,
465 2228 529 2290 qua
552 2207 590 2270 de
614 2208 683 2270 arte
706 2205 843 2270 metrica
865 2204 1035 2269 heroidum
1058 2205 1157 2269 verba
1184 2205 1332 2270 facienda
1355 2211 1458 2270 erunt.

239 2341 240 2346 ¹
311 2314 457 2379 Eandem
484 2336 552 2378 rem
582 2313 673 2383 annis
702 2313 820 2377 abhinc
852 2311 1112 2394 quattuordecim
1141 2313 1181 2376 ab
1210 2311 1459 2399 Eschenburgio

312 2425 554 2506 programmate
579 2419 768 2485 Catharinei
794 2417 967 2483 lubechani
994 2440 1060 2483 non
1089 2419 1178 2483 omni
1205 2441 1244 2484 ex
1271 2424 1364 2504 parte
1392 2421 1460 2485 feli-

313 2528 394 2592 citer
416 2531 601 2611 promotam
625 2548 695 2591 esse
718 2527 785 2590 iam
814 2548 911 2611 supra
939 2525 1161 2590 animadverti.
1207 2527 1323 2611 Itaque
1353 2550 1460 2592 meum

313 2657 382 2699 esse
406 2634 519 2719 putavi
543 2634 578 2698 in
600 2634 684 2698 hanc
706 2632 877 2697 materiam
901 2633 1005 2697 denuo
1024 2633 1187 2717 inquirere
1212 2639 1245 2698 et
1264 2635 1312 2698 ita
1331 2635 1460 2718 quidem

310 2743 490 2826 inquirere,
522 2746 560 2805 ut
587 2740 815 2825 Eschenburgi
843 2761 920 2805 cura
952 2739 1103 2825 diligenti
1131 2741 1260 2806 adiutus
1291 2763 1461 2827 cognosce-

313 2875 396 2936 rem,
427 2873 504 2915 num
533 2849 567 2912 in
595 2849 727 2913 illorum
756 2869 811 2913 sex
845 2847 1038 2931 carminum,
1071 2848 1110 2911 de
1144 2847 1261 2931 quibus
1294 2848 1357 2912 hoc
1389 2848 1461 2912 loco

313 2959 436 3044 agitur,
467 2956 580 3021 metris
609 2955 730 3038 aliquid
760 2954 957 3038 inveniatur,
985 2958 1120 3039 propter
1149 2955 1233 3037 quod
1262 2955 1319 3018 illa
1345 2953 1461 3018 Ovidio

315 3065 542 3130 abiudicentur
564 3084 696 3127 necesse
720 3061 772 3125 sit.

719 3271 722 3276 ,
852 3223 872 3301 ξ
897 3222 925 3285 1.

403 3350 563 3416 Facturus
588 3347 870 3432 operaepretium
893 3345 974 3410 mihi
998 3347 1122 3430 videor,
1151 3347 1179 3410 si
1203 3347 1359 3431 primum,
1388 3370 1463 3431 qua·

316 3465 411 3524 tenus
441 3456 563 3540 dactyli
590 3455 641 3520 vel
671 3453 806 3538 spondei
834 3453 868 3516 in
896 3453 1034 3538 singulis
1063 3475 1216 3519 versuum
1244 3454 1380 3539 pedibus
1412 3454 1464 3516 ad-

315 3566 408 3630 missi
432 3565 507 3648 sint,
531 3583 718 3648 exposuero.
755 3559 804 3624 De
829 3583 945 3644 quare
965 3561 1006 3624 ab
1025 3560 1275 3646 Eschenburgio
1299 3559 1463 3625 immerito

315 3675 467 3759 neglecta
487 3671 650 3755 praeclare
670 3667 851 3752 disputavit
870 3666 1047 3750 Drobisch,
1072 3668 1300 3734 celeberrimus
1320 3669 1376 3731 ille
1394 3667 1465 3750 phi-

315 3780 472 3864 losophus
496 3776 675 3862 lipsiensis,
704 3776 759 3859 qui
782 3775 817 3839 in
839 3773 933 3840 Actis
959 3774 1125 3839 societatis
1157 3775 1265 3860 regiae
1295 3774 1465 3839 saxonicae

315 3889 377 3952 vor.
401 3883 513 3951 rvru
535 3859 650 3970 (reci)
675 3907 704 3968 p.
726 3879 809 3968 761),
834 3881 930 3946 osa
952 3880 1031 3946 uec.
1054 3881 1070 3944 1
1095 3905 1122 3946 v.
1145 3879 1273 3946 r-sssrc
1298 3884 1331 3946 a
1351 3879 1463 3945 xuni

317 3991 434 4081 (1871)
463 3992 621 4057 Amorum
648 3991 771 4054 librum
798 3990 940 4073 primum
967 3989 1002 4052 in
1034 3989 1295 4073 disquisitionem
1328 3987 1464 4053 vocavit.

316 4099 492 4186 Inprimis
517 4103 627 4165 autem
648 4097 865 4163 nominandus
889 4098 940 4160 est
965 4095 1100 4162 Carolus
1124 4095 1302 4182 Hultgrcn,
1326 4096 1381 4180 qui
1402 4094 1465 4160 Ob·

408 4351 434 4415 1)
452 4366 479 4417 p.
496 4349 626 4403 'os-139.
666 4345 738 4400 ‘Eua
760 4345 939 4400 amasco
966 4345 1086 4400 Vcrsuct
1108 4346 1174 4400 uter
1201 4344 1245 4398 dic
1271 4342 1392 4398 Formcu
1419 4341 1465 4395 olas

318 4439 495 4495 laiciuisctou
513 4433 713 4492 chomctocs’.
