3346 4934
675 338 891 400 „17..

165 492 170 503 ’
295 500 453 565 Isidorus:
477 499 526 564 De
551 499 670 563 rhetor.
696 521 720 563 c.
741 499 781 563 21
808 499 893 582 apud
917 497 1085 564 Halmium
1104 495 1217 562 Rhett.
1236 497 1292 560 lat.
1312 517 1353 560 m.

212 628 284 692 pag.
304 608 379 690 520,
399 609 449 672 10.

298 712 446 796 Denique
470 700 753 779 commemoranda
777 718 854 780 sunt
877 712 991 796 Probi,
1022 711 1080 796 qui
1103 710 1188 794 apud
1211 709 1355 773 Keilium

209 818 342 903 dicitur,
370 823 403 884 et
430 820 514 885 Mari
542 819 632 886 Ploti
660 818 845 885 Sacerdotis
874 820 986 902 verba,
1019 839 1157 901 quorum
1186 817 1269 881 alter
1298 813 1356 878 (la

210 923 319 1011 thol.¹)
334 925 382 990 IV
396 947 470 1012 pag.
486 927 538 1011 30,
553 933 590 992 la
601 927 640 992 Κ.
656 926 757 992 Ἡιὶ3.·’
772 927 889 1009 inquit,
904 925 948 990 ‘et
959 925 1013 989 hoc
1027 926 1132 989 tertia
1145 924 1357 988 declinationis

209 1032 271 1098 tilis
292 1034 338 1098 cel
360 1035 409 1098 dis
429 1035 508 1114 (coit
526 1036 674 1116 penetioo,
697 1034 817 1111 Atthis,
841 1032 997 1097 Atthidis:
1020 1033 1065 1096 sic
1089 1028 1237 1095 Ovidius?
1274 1030 1358 1093 alter

212 1137 258 1203 VI
276 1160 349 1224 pag.
364 1141 439 1223 481,
454 1142 496 1204 22
509 1140 548 1204 Κ.
573 1139 693 1224 Ἧιὲεῑξ
717 1139 834 1224 inquit,
859 1129 981 1203 ‘tertiae
1002 1138 1216 1204 declinationis
1234 1136 1296 1200 this
1313 1136 1359 1201 cel

209 1246 258 1309 dis
278 1246 357 1325 facit
375 1248 510 1329 penetivo
532 1248 605 1313 doec
622 1247 729 1312 Atthis
752 1247 844 1310 linins
862 1245 970 1310 Atthis
983 1243 1029 1310 cel
1046 1243 1203 1308 Alianis:
1226 1245 1269 1308 sic
1289 1243 1359 1308 Oni-

211 1352 307 1416 dins'
344 1352 393 1417 De
416 1358 556 1437 utroque
580 1354 652 1418 loco
677 1353 803 1416 Keilius
828 1353 861 1415 in
885 1354 1045 1437 apparatu
1069 1351 1183 1415 critico
1208 1349 1360 1414 adnotat:

212 1458 341 1524 ‘heroid
361 1462 408 1543 15,
427 1459 486 1525 18'
514 1460 577 1525 hoc
608 1463 657 1524 est
686 1460 770 1542 apud
798 1458 994 1523 Merkelium
1019 1456 1169 1541 Sapphus
1200 1456 1359 1541 epistulae

212 1587 323 1630 versus
345 1566 394 1631 18.
438 1564 501 1632 Sed
525 1589 599 1632 eum
621 1588 752 1632 versum
775 1566 839 1630 huc
861 1586 929 1628 non
946 1564 1109 1648 pertinere
1128 1585 1186 1647 per
1205 1585 1239 1627 se
1258 1567 1360 1648 patet,

214 1693 286 1735 cum
307 1672 343 1735 in
366 1693 404 1736 eo
427 1695 493 1738 non
516 1675 713 1760 genetivum,
736 1673 792 1737 sed
811 1671 1049 1736 nominativum
1068 1667 1201 1734 ‘Annis'
1222 1669 1359 1733 inveniri

213 1800 308 1842 nemo
331 1800 399 1843 non
421 1779 524 1845 videt:

296 2007 303 2012 υ
391 1920 470 1986 ‘non
493 1922 588 1986 oculis
607 1926 701 2004 proto
724 1925 769 1985 est
789 1920 904 2004 Atthis,
927 1924 964 1984 nt
985 1924 1063 2000 nnn,
1086 1917 1182 1983 ineis?

304 2063 451 2148 Apparet
474 2064 577 2150 igitur
600 2087 638 2129 ex
661 2063 727 2146 his,
756 2085 836 2147 quos
861 2061 1033 2127 attulimus
1056 2061 1152 2143 locis,
1180 2059 1263 2123 nihil
1287 2081 1359 2124 con-

217 2171 309 2252 sequi
333 2171 371 2235 de
390 2171 431 2235 iis
450 2170 648 2253 heroidibus,
672 2191 752 2253 quas
772 2167 1001 2233 Lachmannus
1025 2167 1158 2251 negavit
1183 2168 1223 2230 ab
1244 2166 1360 2231 Ouidio

214 2275 378 2359 profectas
403 2299 482 2342 esse.

302 2383 437 2448 Addidit
456 2382 695 2467 Lachmannus,
719 2387 756 2446 ut
778 2383 871 2446 illam
890 2384 928 2447 de
952 2380 1141 2448 heroidibus
1165 2369 1361 2444 sententiani

214 2491 392 2575 stabiliret,
424 2490 489 2554 alia
521 2491 679 2575 quaedam
712 2494 905 2574 argumenta
937 2491 979 2554 ab
1011 2492 1081 2553 arte
1114 2487 1250 2553 metrica
1277 2491 1311 2550 et
1344 2509 1362 2550 a

214 2596 368 2678 prosodia
391 2597 546 2682 repetita,
577 2619 715 2682 quorum
739 2596 881 2680 plurima
904 2596 920 2658 l.
948 2595 968 2659 l.
993 2594 1175 2660 confutavit
1199 2593 1361 2658 Lucienus

215 2700 353 2762 Mueller
372 2701 420 2764 ita
438 2709 557 2784 tamen,
581 2706 618 2765 ut
636 2702 777 2787 Paridis,
800 2701 953 2786 Helenae,
976 2701 1084 2766 Herus
1108 2702 1265 2786 epistulas
1290 2723 1362 2785 spu-

216 2804 281 2869 rias
312 2827 382 2870 esse
414 2807 611 2874 concederet.
640 2809 764 2882 ,Multo
794 2831 872 2873 vero
906 2808 1006 2874 latius
1039 2813 1153 2892 patent
1184 2830 1239 2873 eae
1268 2827 1362 2890 quae

216 2911 352 2998 stiones,
384 2936 465 3000 quas
496 2914 704 2979 Bernhardus
737 2910 987 2999 Eschenburgl)
1021 2915 1059 2978 de
1091 2913 1262 2978 heroidum
1292 2915 1362 2976 arte

216 3021 351 3084 metrica
374 3021 528 3087 instituit.
574 3021 608 3086 Is
633 3044 831 3106 quamquam
860 3021 965 3087 multa
993 3020 1124 3085 omnino
1153 3023 1241 3084 recte
1266 3023 1362 3102 atque

217 3124 384 3189 subtiliter
403 3129 574 3213 expedivit,
597 3133 708 3194 tamen
728 3152 801 3194 cum
821 3128 1020 3194 Lachmanni
1047 3130 1237 3210 sequeretur
1255 3129 1363 3190 aucto

218 3230 364 3315 ritatem,
400 3235 551 3317 opinione
585 3237 807 3320 praeiudicata
838 3259 907 3300 rem
935 3235 1107 3320 adgressus
1135 3237 1193 3297 est.
1244 3231 1364 3297 Postea

216 3334 393 3401 Alexandri
416 3338 538 3426 Riesi⁸)
567 3343 689 3424 verbis,
717 3348 754 3406 ut
781 3343 851 3426 ipse
881 3342 941 3427 ait,
968 3343 1166 3423 commotus,
1193 3339 1362 3404 voluntate

150 3507 152 3512 .
217 3447 344 3508 mutata
367 3444 607 3524 elocutionibus
630 3448 797 3512 nonnullis
822 3447 1023 3532 singulisque
1049 3447 1193 3530 vocibus,
1224 3447 1364 3530 quaein

218 3550 416 3616 Heroidibus
448 3559 636 3638 occurrunt,
669 3577 742 3620 cum
773 3554 926 3636 loquendi
959 3554 1086 3619 ratione
1117 3553 1267 3618 ovidiana
1294 3552 1365 3616 dili-

219 3662 334 3742 genter
357 3657 587 3744 comparatis4)
612 3682 646 3726 se
671 3683 690 3724 a
712 3659 820 3744 priore
840 3659 1003 3724 sententia
1026 3659 1201 3726 descivisse
1226 3659 1364 3724 declara
1475 3693 1478 3698 ·

308 3925 334 3991 1)
354 3924 430 3978 Inter
448 3923 534 3978 Probi
553 3924 700 3980 catholica
718 3925 746 3979 et
762 3920 921 3978 Sacerdotis
939 3919 1043 3974 librum
1063 3923 1215 3978 secundum
1233 3924 1304 3978 nihil
1323 3924 1365 3978 in·

217 4015 321 4066 teresse
341 4030 397 4067 non
414 4011 522 4082 ignoro.
561 4012 601 4070 Cf.
621 4012 735 4081 Teuffel,
754 4012 787 4067 R.
806 4011 850 4089 113⁴
868 4016 930 4080 300,
944 4014 969 4064 8.

307 4105 334 4170 2)
354 4100 385 4154 In
404 4101 950 4170 programmatehubeckaeann01svs
969 4098 1080 4165 emisso,
1095 4099 1170 4165 quod
1189 4099 1365 4155 inscribitur:

220 4188 378 4244 ‘Metriscbc
396 4190 637 4262 Untersnclinnycn
654 4207 705 4246 ani
718 4191 939 4259 Eclitbeitsfrope
957 4190 1005 4244 der
1019 4187 1154 4243 Heroides
1172 4188 1217 4243 des
1238 4189 1329 4245 Ocid'.

308 4280 335 4348 3)
354 4279 500 4348 Leguntur
517 4280 547 4334 in
565 4279 647 4334 Iahni
666 4279 768 4336 annall.
791 4286 840 4334 109
860 4282 952 4349 (1874)
971 4296 998 4348 p.
1015 4282 1066 4332 569
1085 4276 1142 4331 not.
1159 4282 1182 4330 9.

308 4368 334 4433 4)
354 4365 386 4418 In
405 4365 495 4422 altero
515 4371 725 4438 programmate
751 4368 909 4424 lubeckano
929 4366 996 4420 anni
1017 4371 1098 4436 1886,
1118 4365 1164 4420 cui
1186 4366 1287 4421 titulus
1311 4371 1364 4422 est:

220 4452 299 4506 ‘Wie
316 4455 364 4508 liat
385 4455 456 4512 Ooid
474 4457 592 4513 cinnclne
616 4458 724 4514 Wdrter
742 4461 801 4515 und
824 4457 1011 4514 Wortnzarsen
1028 4458 1066 4512 im
1091 4457 1170 4511 Verre
1188 4455 1364 4511 cernundt?'

1137 4555 1152 4599 2
