3346 4934
732 323 988 387 -12-.

277 484 409 550 Medeae
433 485 483 549 vel
509 485 547 548 de
571 483 714 548 Helenae
738 482 898 568 epistulis,
921 505 1003 566 quae
1025 482 1122 547 hodie
1148 487 1224 548 sunt
1246 483 1319 548 loco
1343 484 1420 549 duo·

273 590 398 654 decimo
422 594 455 654 et
478 592 570 654 sexto
595 590 729 673 decime,
752 589 817 676 iam
841 593 912 654 tum
932 590 1110 674 cogitasse,
1136 595 1245 655 tamen
1265 612 1302 655 ea
1321 592 1420 654 verba

273 697 354 762 satis
379 697 532 782 ambigue
552 696 674 780 scripta
694 718 764 761 esse
784 696 953 761 concessit.
990 696 1071 760 Eius
1093 697 1288 762 sententiam
1308 718 1420 761 omnes

270 803 338 868 fere
363 803 469 869 critici
494 803 597 868 secuti
621 811 705 867 sunt.
749 801 841 878 Quod
865 804 905 867 ad
929 803 1104 888 epistulam
1128 804 1249 869 attinet
1272 805 1312 868 ad
1333 803 1420 868 Iaso·

270 932 343 976 nem
368 910 479 973 datam
503 909 565 974 duo
590 913 719 975 tantum
742 909 804 984 viri
829 909 924 974 aliter
946 909 1141 996 iudicanmt,
1167 910 1363 976 Leutschius
1386 911 1420 974 in

271 1016 386 1082 Erech.
401 1021 434 1080 et
450 1014 550 1080 Grub.
569 1015 702 1100 Encycl.
721 1015 771 1080 III
789 1019 808 1082 8
828 1040 859 1100 p.
875 1017 917 1081 60
941 1021 974 1081 et
988 1017 1164 1084 Teuffelius
1178 1018 1217 1082 It.
1232 1015 1281 1081 L}
1295 1019 1370 1102 248,
1386 1018 1420 1102 33

271 1126 327 1190 sed
359 1124 400 1188 iis
432 1123 575 1188 rationes
605 1123 745 1208 adferre,
774 1147 831 1189 eur
859 1124 907 1188 ita
935 1125 1115 1210 crederent,
1144 1147 1419 1210 supervacaneum

271 1233 377 1298 visum
406 1235 463 1294 est.
510 1230 558 1295 Ao
587 1231 669 1295 mihi
700 1231 830 1315 quidem
856 1255 926 1296 rem
948 1233 1143 1297 deliberanti
1166 1233 1361 1318 gravissima
1385 1255 1418 1296 se

273 1339 395 1405 obtulit
419 1346 525 1423 causa,
549 1361 605 1404 cur
624 1337 740 1404 Ovidio
764 1339 896 1403 Medeae
920 1339 1095 1423 epistulam
1120 1340 1326 1405 obversatam
1350 1361 1420 1403 esse

272 1447 458 1529 arbitrarer,
483 1447 569 1529 quod
592 1444 691 1510 Iason
714 1445 811 1510 ‘mole
830 1445 956 1528 quotus'
976 1447 1169 1530 appellatur.
1206 1447 1292 1511 Nam
1315 1445 1344 1510 si
1362 1445 1421 1510 illa

275 1554 372 1618 verba
396 1553 494 1635 ‘quod
520 1553 600 1616 urule
625 1557 736 1634 molus
758 1551 833 1617 Iaso
862 1551 956 1635 leqot'
983 1575 1049 1617 non
1078 1554 1118 1618 ad
1141 1553 1272 1618 Medeae
1301 1553 1420 1636 epistu-

272 1661 339 1724 lam
367 1659 486 1724 referre
510 1659 674 1741 volumus,
702 1659 742 1722 ad
765 1659 965 1743 Hypsipyles
989 1659 1178 1745 epistulam,
1207 1681 1289 1744 quae
1311 1682 1421 1724 nume-

273 1790 345 1830 rum
367 1767 469 1830 habet
493 1769 629 1849 sextum,
653 1765 836 1830 referantur
858 1788 990 1831 necesse
1012 1769 1071 1831 est.
1109 1765 1193 1842 Quid
1213 1770 1323 1832 autern
1342 1769 1421 1850 erat,

274 1897 329 1938 cur
345 1873 444 1937 Iason
462 1872 665 1957 Hypsipylae
684 1873 826 1957 gratiam
845 1873 1003 1938 haberet?
1036 1872 1128 1938 Nihil
1154 1875 1244 1938 sane!
1283 1873 1329 1937 At
1345 1895 1421 1942 ,con-

273 1985 325 2045 tra
343 1979 455 2044 Medea
482 1979 604 2063 optime
628 1981 666 2044 de
690 1979 805 2044 Iasone
829 1980 963 2065 meruit,
986 2003 1061 2044 eum
1085 2003 1159 2044 eum
1183 1980 1323 2046 Colchos
1348 2002 1421 2044 oum

275 2088 392 2152 ceteris
415 2087 618 2172 Argonautis
646 2086 829 2170 profectum
858 2107 919 2170 ope
943 2091 976 2151 et
1000 2091 1069 2151 arte
1094 2088 1223 2173 magica
1246 2088 1421 2170 adiuvaret,

274 2199 312 2259 ut
335 2194 438 2258 vellus
462 2217 595 2258 aureum
619 2194 653 2256 in
675 2194 817 2277 patriam
837 2193 963 2259 auferre
981 2198 1102 2277 posset.
1111 2191 1135 2281 ¹)
1169 2193 1257 2271 Quae
1282 2218 1355 2260 cum
1372 2195 1422 2260 ita
1470 2219 1472 2224 ·

275 2302 348 2385 sint,
372 2301 521 2385 inprimis
545 2302 584 2365 de
608 2300 748 2384 epistula
772 2301 961 2365 duodecima
985 2301 1196 2386 cogitandum
1224 2323 1294 2366 esse
1317 2305 1419 2385 patet.

274 2409 386 2473 Htiam
409 2407 611 2493 Hypsipylae
640 2408 814 2492 epistulam
843 2429 920 2472 ase
949 2409 1168 2493 conscriptam
1192 2430 1261 2473 esse
1286 2407 1420 2472 Ovidius

275 2517 369 2580 docet
392 2515 536 2580 eiusdem
560 2515 712 2580 carminis
736 2537 832 2579 versu
855 2515 1021 2580 tricesimo
1045 2515 1159 2599 tertio,
1182 2513 1238 2578 ubi
1263 2512 1421 2578 Sabinum

275 2622 314 2686 ad
337 2619 539 2705 Hypsipylae
567 2619 742 2704 epistulam
770 2620 810 2684 ad
834 2619 986 2685 Iasonem
1008 2622 1119 2687 datam
1147 2619 1353 2704 respondisse
1376 2622 1421 2683 te-

275 2732 390 2793 statur.
428 2725 534 2802 Quare
553 2727 659 2791 facere
678 2749 745 2790 non
762 2749 907 2812 possum,
926 2728 1004 2810 quin
1024 2727 1177 2792 Ovidium
1196 2728 1314 2811 verbis,
1328 2727 1424 2809 ‘quod

274 2836 355 2899 mole
381 2839 492 2917 uatus
514 2834 590 2900 Ioso
620 2831 715 2916 lequt'
739 2833 817 2897 duas
849 2834 1007 2918 epistulas
1039 2835 1167 2900 credam
1197 2834 1338 2900 voluisse
1372 2834 1422 2898 de-

276 2942 418 3027 signare,
446 2944 517 3006 tum
546 2940 677 3005 Medeae
705 2944 776 3004 tum
804 2939 1008 3026 Hypsipylae
1037 2941 1225 3025 epistulam,
1248 2943 1421 3022 utramque

276 3050 316 3114 ad
340 3050 490 3113 Iasonem
519 3049 637 3112 datam.
662 3083 703 3093 —
732 3046 840 3110 Erunt
868 3051 992 3131 autem,
1021 3047 1076 3131 qui
1103 3068 1238 3112 numero
1262 3044 1422 3130 singulari

276 3155 386 3238 ‘quod'
412 3154 523 3240 (quod
543 3155 624 3219 male
643 3157 753 3238 motus
775 3152 850 3218 Iaso
875 3151 983 3240 lequt')
1012 3154 1091 3217 duas
1115 3152 1273 3237 epistulas
1297 3151 1422 3237 signifi-

277 3263 343 3327 cari
366 3284 462 3346 posse
485 3264 615 3346 negent.
661 3260 729 3324 Eos
753 3260 915 3344 relegatos
939 3259 1013 3324 volo
1038 3259 1078 3323 ad
1101 3280 1230 3323 versum
1253 3259 1423 3342 insequen-

276 3374 356 3451 tem,
387 3368 442 3452 qui
471 3367 511 3431 ab
540 3368 653 3432 eodem
681 3366 839 3431 vocabulo
864 3365 974 3448 ‘quod'
998 3365 1130 3450 pendet,
1160 3365 1269 3430 itaut
1297 3366 1423 3430 duobus

275 3474 327 3539 his
350 3474 513 3540 versibus:

862 3559 959 3643 ‘quod
980 3562 1060 3626 male
1079 3566 1190 3644 quotics
1213 3561 1289 3627 Iaso

489 3670 711 3753 Hippolytique
728 3689 845 3750 pareus
870 3667 1116 3751 Hippolytusque
1139 3667 1258 3750 lequut’

276 3837 340 3879 uno
361 3803 463 3877 verbo
484 3811 593 3893 ‘quod’
613 3816 680 3876 tres
700 3815 787 3876 certe
807 3810 991 3875 indicentur
1009 3809 1177 3895 epistulae.
1210 3810 1302 3875 Nihil
1322 3811 1424 3896 igitur

277 3920 423 4005 impedit,
447 3919 621 4002 quominus
645 3919 731 3983 idem
754 3918 789 3982 in
812 3921 969 4001 quattuor
992 3918 1140 4002 epistulis
1163 3917 1234 3982 fieri
1253 3939 1349 4001 posse
1368 3939 1424 4000 pu-

277 4031 394 4093 temus.
439 4026 612 4091 Praeterea
640 4025 791 4091 Ovidium
825 4026 853 4090 si
885 4026 939 4092 via
969 4025 1124 4091 instituta
1153 4045 1288 4111 pergere
1316 4023 1424 4106 vellet,

369 4274 394 4341 1)
413 4271 452 4326 cf.
474 4272 559 4326 verba
577 4270 693 4326 Medeae
719 4271 753 4325 de
772 4271 872 4326 Iasone
891 4272 955 4325 Her.
971 4270 1022 4325 XII
1037 4276 1070 4324 23
1096 4272 1146 4326 ‘est
1168 4271 1263 4339 aliqua
1286 4271 1424 4339 tuqrctc

260 4361 402 4421 'ueritum
429 4363 594 4436 exprobrare
616 4361 754 4429 uoluptus’
785 4362 814 4412 et
837 4377 862 4414 v.
877 4365 930 4414 208
956 4359 1016 4415 ‘hoe
1041 4361 1144 4430 ipsum,
1168 4359 1329 4428 iuqrutus
1351 4360 1424 4428 quod

273 4459 422 4522 patescere
440 4468 527 4505 meum
545 4449 602 4502 est'
