3346 4934
735 321 951 384 -10-

284 620 291 650 Ι
827 549 868 615 n.

361 674 451 740 Haec
474 677 513 740 de
537 676 636 740 titulo
660 676 840 742 carminum
858 677 997 761 praefati
1022 678 1062 742 ad
1084 677 1268 763 spinosiora
1285 699 1345 742 nos
1370 699 1419 741 ac-

273 781 450 866 cingamus.
478 782 599 868 Magna
615 783 701 847 enirn
720 786 771 847 est
790 784 938 867 quaestio
958 785 1162 868 multumque
1178 808 1197 848 a
1215 782 1294 848 viris
1314 783 1418 848 doctis

273 892 427 974 tractata,
459 892 571 954 utrum
603 913 659 955 eae
687 891 851 976 heroides,
883 913 965 976 quae
994 891 1090 956 Ovidi
1121 891 1252 956 nomine
1285 890 1419 955 circum-

272 995 434 1081 feruntur,
466 996 516 1062 illi
543 1001 659 1082 poetae
688 997 917 1063 adscribendae
946 1022 988 1064 an
1016 998 1131 1063 seriori
1159 998 1290 1063 demum
1317 996 1419 1062 aetati

273 1104 491 1188 adsignandae
520 1105 603 1169 sint:
641 1104 690 1170 Ac
722 1103 895 1191 primum¹)
929 1106 1058 1191 quidem
1091 1107 1202 1191 paullo
1235 1105 1418 1171 accuratius

273 1233 345 1276 eam
373 1211 544 1276 materiam
570 1210 707 1278 Carolus
730 1211 959 1278 Lachmannus
987 1213 1223 1299 pervestigavit
1250 1212 1418 1296 prooemio

272 1317 387 1382 indicis
412 1319 589 1384 lectionum
614 1319 813 1384 aestivarum
831 1319 977 1384 Berolini
997 1343 1081 1388 anno
1103 1321 1187 1385 1848
1208 1316 1355 1405 εάἰὲεε.’)
1385 1318 1418 1384 ls

273 1425 439 1509 profectus
463 1429 514 1491 est
537 1449 556 1490 a
583 1427 655 1491 loco
684 1427 834 1491 ovidismo
862 1427 897 1491 in
924 1426 1085 1492 Amorum
1112 1428 1197 1492 libro
1225 1426 1259 1490 ΙΙ
1285 1427 1334 1508 18,
1361 1426 1418 1490 ubi

274 1531 400 1617 aliquot
426 1533 597 1598 heroidum
624 1534 739 1599 titulos
771 1535 877 1599 adfert
908 1538 1014 1619 poeta.
1065 1534 1146 1600 Post
1174 1533 1419 1599 Lachmannnm

274 1661 385 1704 omnes
409 1641 475 1705 iere
500 1641 620 1726 critici,
648 1641 704 1726 qui
728 1641 891 1726 copiosius
916 1643 954 1707 de
978 1665 1016 1706 ea
1040 1663 1074 1707 re
1098 1642 1331 1726 disseruerunt,
1354 1663 1418 1730 uno

274 1751 441 1832 tamquam
464 1751 576 1813 tenore
601 1751 735 1814 eandem
758 1750 920 1814 rationem
940 1750 1043 1814 secuti
1061 1752 1145 1814 sunt.
1181 1748 1226 1812 Et
1244 1752 1332 1813 recte
1352 1747 1419 1833 qui-

274 1855 361 1939 dem,
389 1877 466 1919 nam
495 1855 535 1944 ab
565 1854 660 1920 Ovidi
689 1857 793 1941 ipsius
821 1856 1011 1922 testimonio
1040 1856 1173 1921 initium
1202 1877 1272 1920 esse
1303 1854 1420 1920 facien-

274 1962 364 2045 dum,
388 1962 460 2045 quis
484 1955 607 2028 infitias
630 1964 677 2028 ire
696 1964 835 2029 audeat?
865 1962 928 2028 Sed
946 1963 1009 2028 hoc
1028 1964 1099 2047 ipso
1119 1965 1191 2028 loco
1215 1963 1420 2045 reperiuntur

274 2089 325 2133 res
343 2070 518 2135 nonnullae
538 2070 578 2134 ad
600 2093 671 2134 eam
691 2071 915 2154 quaestionem
935 2074 1133 2156 spectantes,
1152 2071 1190 2134 de
1211 2070 1329 2153 quibus
1342 2093 1420 2134 non-

275 2177 351 2240 dum
376 2177 457 2241 satis
480 2177 604 2261 liquere
628 2177 777 2243 arbitror.
823 2178 939 2263 Itaque
967 2178 1158 2263 priusquam
1185 2177 1336 2260 aliorum,
1365 2176 1420 2260 qui

273 2283 308 2346 in
336 2284 448 2348 eodem
482 2306 596 2368 campo
630 2285 854 2369 decurrerunt,
888 2288 1023 2351 conatus
1056 2286 1130 2368 plus
1166 2284 1313 2349 minusve
1348 2284 1420 2348 ieli-

275 2413 327 2455 oes
356 2413 593 2476 recenseamus,
620 2393 696 2457 illos
724 2415 836 2458 versus
865 2393 1039 2479 diligenter
1065 2393 1160 2457 nobis
1190 2391 1419 2456 examinandos

274 2520 343 2562 esse
363 2503 507 2582 apparet.
545 2498 638 2574 Quod
660 2500 789 2565 facilius
812 2501 883 2584 fiet,
908 2500 936 2565 si
956 2522 1116 2564 summam
1140 2499 1243 2564 totius
1268 2498 1420 2564 carminis

275 2605 371 2669 modo
396 2605 489 2670 citati
513 2607 760 2672 exaraverimus.

362 2710 561 2798 Adloquitur
585 2712 718 2778 Ovidius
743 2713 890 2779 Macrum
914 2713 1067 2798 amicum,
1097 2735 1194 2798 quem
1223 2713 1271 2777 ait
1298 2712 1420 2777 bellurn

274 2819 439 2884 troianum
462 2821 544 2886 velle
568 2822 749 2887 describere
773 2844 875 2906 usqne
899 2821 995 2886 adid
1019 2824 1163 2905 tempus,
1187 2843 1251 2904 quo
1275 2819 1421 2885 Achilles

274 2927 424 2992 incensus
448 2928 567 2993 iniuria
591 2930 631 2995 ab
653 2923 899 3015 Agamemnone
924 2928 987 2993 sibi
1011 2929 1114 2993 inlata
1138 2950 1172 2992 se
1196 2950 1269 2992 cnm
1288 2926 1422 3011 Myrmi-

275 3034 413 3099 donibus
437 3058 456 3099 a
484 3036 562 3099 belli
590 3037 747 3102 societate
776 3037 944 3121 seiungere
974 3039 1108 3101 statuat.
1154 3033 1196 3099 Se
1224 3035 1289 3099 iarn
1313 3034 1421 3118 ipsum

275 3162 326 3205 res
350 3141 439 3206 domi
462 3147 572 3227 gestas
596 3147 630 3208 et
653 3166 712 3208 sua
735 3143 822 3208 bella
845 3143 992 3208 versibus
1018 3165 1132 3207 ornare
1153 3141 1304 3206 ostendit.
1334 3139 1421 3206 Nam

276 3249 438 3333 quondam
458 3272 492 3314 se
512 3272 638 3334 quoqne
658 3272 727 3316 rem
745 3251 879 3316 maioris
900 3250 1057 3315 momenti
1076 3250 1227 3334 attigisse
1251 3252 1284 3312 et
1305 3249 1339 3312 in
1358 3252 1421 3311 tra-

276 3355 392 3441 goedia
410 3358 632 3440 componenda
651 3379 783 3441 operam
803 3380 896 3425 suam
915 3358 1117 3441 conlocasse3
1137 3357 1192 3420 sed
1207 3377 1317 3420 amore
1337 3376 1422 3420 com-

275 3467 401 3527 motum
426 3486 460 3528 se
483 3464 545 3529 hoo
568 3465 676 3548 poesis
696 3486 813 3550 genere
833 3465 1009 3531 abdicasse.
1040 3463 1135 3528 Nunc
1155 3462 1248 3545 ‘quod
1264 3460 1353 3546 licet’,
1376 3461 1423 3525 in-

277 3569 348 3654 quit
373 3568 415 3656 (v.
441 3571 600 3656 19-26):

367 3694 470 3775 ‘Quod
491 3697 570 3782 licet,
593 3703 649 3762 act
670 3701 751 3763 artes
774 3699 868 3762 baert
886 3697 1070 3780 profitemur
1093 3693 1241 3777 Amoris',
1263 3729 1308 3739 -

370 3928 396 3997 1)
415 3925 545 3980 Omnium
564 3927 704 3996 quotquot
722 3925 787 3980 huic
806 3924 1007 3996 disceptationi
1030 3926 1081 3978 aut
1103 3923 1242 3977 intersunt
1266 3924 1315 3977 aut
1339 3921 1423 3975 inter·

278 4018 399 4085 luerunt,
414 4016 461 4072 hic
479 4015 621 4087 principes
640 4015 788 4070 dumtaxat
802 4030 964 4069 enumerare
978 4011 1095 4082 placuit,
1110 4029 1145 4066 ne
1160 4011 1264 4066 maiore
1279 4009 1422 4065 nominum

279 4106 411 4175 congerie
440 4105 584 4162 subtilitas
612 4107 642 4160 et
669 4104 856 4176 perspicuitas
881 4102 1015 4159 orationis
1039 4102 1248 4156 diminueretur.
1285 4099 1424 4153 Permulti

279 4195 365 4251 otiam
384 4199 485 4266 postea
503 4194 649 4250 occasione
668 4196 737 4250 data
755 4191 914 4249 arcessendi
933 4194 1023 4247 erunt.

369 4288 397 4356 2)
415 4286 476 4340 Hoc
493 4284 667 4356 prooemium
685 4283 770 4339 hodie
793 4281 934 4336 invenitur
957 4282 986 4335 in
1009 4280 1106 4336 libello
1129 4298 1147 4335 a
1166 4279 1294 4334 Vahleno
1318 4275 1425 4348 publici

279 4378 348 4433 iuris
370 4377 461 4444 facto,
480 4374 529 4444 qui
554 4373 727 4429 inscribitur:
748 4373 890 4428 ‘Kleiuere
912 4371 1051 4438 Schriften
1073 4387 1124 4426 zur
1146 4367 1309 4426 clussiscben
1329 4367 1424 4422 Philo·

280 4469 350 4547 lopie
367 4483 421 4522 voa
439 4467 506 4524 Ocri
524 4464 697 4524 Lactmann’
718 4479 744 4534 p.
761 4469 802 4518 ts.
