3346 4934
695 285 917 368 -45....'

322 464 387 530 XII
412 464 551 530 15—20.
586 464 774 528 121—126:

367 571 566 652 ‘nmprnsos
587 571 711 644 utinarn
734 569 950 654 Sqrnpieqodes
972 569 1134 652 elisissent,

367 683 532 758 nostraque
554 678 757 742 adhaererent
779 676 896 742 ossibus
919 696 988 740 ossa
1011 676 1086 754 tuis,
1184 729 1187 735 .

366 789 422 868 ant
443 805 500 850 nos
518 783 624 866 Scylla
645 805 749 864 ranan
772 783 899 847 cautibus
920 783 1054 847 rnisisset
1074 783 1220 846 edendm!

366 1017 501 1078 quaeque
523 997 618 1060 oona
641 997 763 1060 totidern
786 995 899 1076 stactus
922 995 1100 1076 totidemque
1123 995 1265 1074 resorbet,

366 1124 423 1169 nos
446 1123 562 1184 quoqne
585 1103 753 1167 trinacriae
774 1103 976 1183 subposuisset
997 1100 1116 1182 aquae.’

324 1226 405 1290 XIII
428 1227 530 1292 5-7:

372 1333 453 1398 ‘turn
474 1335 556 1414 freta
578 1335 745 1399 debornam
766 1334 875 1398 uestris
897 1334 1038 1398 obsistere
1059 1335 1151 1398 rernis

368 1441 449 1505 iilud
469 1446 537 1505 erat
556 1442 655 1506 saccis
678 1441 753 1505 rotila
777 1445 894 1521 temnus
917 1441 1016 1521 annu.

370 1547 474 1612 oscula
491 1548 589 1629 phua
611 1549 677 1612 uiro
699 1549 907 1628 rnandataquc
926 1547 1022 1628 pluro
1044 1545 1213 1611 dedissem?

271 1693 273 1696 ·
325 1669 488 1733 Malorum
512 1671 749 1735 enumerationi
774 1671 894 1754 opponi
918 1671 1002 1735 solet
1030 1670 1201 1754 praeteriti
1225 1671 1384 1753 temporis

235 1777 426 1842 recordatio.
480 1776 596 1860 Itaque
634 1777 762 1861 saepius
801 1777 958 1841 memoria
995 1777 1155 1861 repetitur
1196 1777 1285 1841 illius
1319 1799 1384 1840 mo-

235 1882 353 1967 menti,
377 1903 442 1966 quo
466 1882 516 1947 vir
540 1883 741 1948 discessurus
766 1887 852 1967 erat,
876 1887 909 1947 et
934 1883 1063 1967 quidem
1086 1882 1121 1947 II
1144 1884 1290 1949 91-98:

371 2007 454 2072 ‘Illa
478 2009 553 2072 uncis
576 2009 672 2073 ocutis
695 2010 805 2090 species
827 2007 968 2073 abeuntis
991 2008 1141 2086 inhaeret,

370 2134 439 2177 curn
459 2119 608 2194 prenud
625 2120 747 2196 portus,
769 2115 878 2180 clusus
900 2116 986 2178 itura
1008 2135 1098 2179 rneos.

372 2240 469 2284 ansus
491 2240 521 2284 cs
544 2221 700 2305 ampiecti,
723 2223 857 2303 cottoqne
879 2222 1004 2302 infusus
1027 2221 1166 2285 ornantis
1279 2227 1282 2233 '

373 2326 478 2390 oscula
496 2347 554 2408 per
577 2328 685 2410 lonqas
708 2329 832 2410 innoere
851 2348 961 2410 pressa
983 2347 1099 2410 noras,

369 2453 496 2514 morique
518 2435 580 2499 tuis
604 2435 742 2500 lacrimis
765 2435 912 2499 lacunas
934 2435 1118 2514 confundere
1143 2438 1278 2514 nostras,

368 2541 505 2621 qnodque
527 2540 607 2620 foret
631 2541 705 2606 nelis
728 2563 809 2605 anra
834 2543 982 2625 secunda,
1004 2543 1105 2623 queri,

372 2651 399 2708 et
421 2645 501 2709 rnihi
523 2647 676 2710 discedens
699 2667 844 2730 snprerna
866 2649 963 2712 dicere
985 2668 1052 2712 oocc

372 2750 510 2834 “antn
529 2749 614 2836 fac1)
639 2758 770 2834 canentes
793 2753 1025 2835 Demophoonta
1049 2751 1181 2818 tnnrn''.'

331 2911 356 2977 1)
376 2906 540 2974 Sedlmayer
558 2906 612 2960 hoc
631 2905 694 2963 loca
714 2908 803 2963 solam
820 2907 926 2962 codicis
945 2909 1087 2962 etonensis
1107 2907 1257 2962 lectIonem
1275 2910 1385 2962 secutus

237 2996 354 3066 praebet
379 2997 450 3064 ‘sace
476 2997 624 3066 capeatcs’,
649 2995 774 3066 parisino
802 2998 832 3051 et
854 2997 1070 3066 guelferbytano
1099 2998 1156 3065 ‘sac
1179 2997 1314 3066 enneacs'
1339 3013 1385 3051 ex-

237 3084 408 3139 hibentibus.
445 3083 505 3136 lam
533 3084 624 3138 forma
648 3085 729 3152 ‘sace’
759 3087 809 3139 aut
836 3103 917 3140 casus
945 3085 1087 3140 ablativus
1117 3084 1193 3140 vocis
1221 3085 1294 3153 ‘fan’
1325 3102 1386 3140 essa

238 3172 323 3227 debet
350 3175 400 3227 aut
426 3171 611 3242 imperativus
635 3175 763 3229 vetustus
787 3177 872 3244 atque
897 3173 1040 3230 obsoletus
1069 3172 1148 3229 verbi
1173 3175 1278 3242 ‘facio’,
1303 3190 1385 3242 quem

238 3278 301 3316 raro
325 3261 401 3330 apud
424 3262 528 3318 veteris
552 3262 714 3318 comoediae
740 3263 846 3321 latinae
871 3265 1021 3334 scriptores
1043 3275 1189 3318 'occurrere
1213 3265 1311 3316 notum
1333 3264 1384 3318 est.

240 3347 296 3402 Sed
315 3348 435 3404 alterurn
459 3350 496 3404 ad
513 3351 597 3405 huius
620 3349 676 3404 loci
695 3353 862 3406 sententiam
886 3369 942 3407 non
966 3353 1102 3422 quadrare
1126 3350 1235 3419 liquido
1259 3354 1385 3422 apparet,

171 3459 173 3463 ·
239 3437 358 3490 alterum
388 3437 424 3490 ab
453 3436 538 3492 Ovidi
567 3456 692 3494 sermone
722 3439 940 3494 abiudicandum
969 3440 1087 3495 videtur.
1132 3441 1228 3508 Neque
1256 3456 1321 3494 vero
1350 3441 1384 3494 ad

239 3524 359 3581 formam
384 3525 466 3592 ‘sace’
493 3527 696 3581 defendendam
721 3529 803 3596 aptus
827 3531 870 3582 est
892 3546 988 3583 versus
1013 3529 1207 3584 Medicaminis
1230 3529 1313 3583 faciei
1337 3536 1384 3583 60:

241 3616 284 3670 ‘in
303 3617 368 3669 haec
385 3616 468 3670 solidi
485 3622 562 3670 senta
579 3617 640 3683 sace
657 3619 727 3672 assis
745 3619 809 3673 eat’.
838 3617 911 3671 Nam
931 3617 1031 3687 optimi
1050 3618 1161 3673 codices
1182 3619 1250 3686 ‘fao’
1271 3617 1383 3673 habent.

239 3704 279 3760 cf.
299 3703 399 3760 Medic.
419 3703 471 3758 fac.
493 3705 535 3759 ed.
555 3705 618 3760 Ant.
638 3704 717 3760 Kurra
737 3704 932 3775 (Vindobonae
952 3710 1032 3777 1881)
1052 3727 1078 3778 p.
1093 3714 1136 3766 42.
1173 3706 1323 3761 Praeterea
1343 3706 1385 3760 ibi

239 3796 393 3864 praecepta
411 3793 461 3846 dat
479 3796 566 3863 poeta
584 3795 743 3871 legentibus
769 3796 798 3850 et
815 3794 899 3850 facile
918 3795 977 3850 fieri
1000 3795 1108 3865 potuit,
1132 3799 1164 3851 ut
1186 3797 1216 3849 in
1239 3795 1290 3850 tali
1314 3811 1344 3849 re
1368 3813 1385 3849 a

240 3884 283 3938 sui
317 3881 405 3952 ipsius
437 3882 574 3952 temporis
607 3901 735 3939 sermone
768 3883 900 3938 recedens
933 3885 1117 3941 vetustiorem
1148 3885 1267 3953 ideoque
1295 3885 1385 3954 magis

240 3973 392 4026 solemnem
413 3973 532 4026 formam
553 3971 707 4027 adhiberet.
734 3972 787 4027 Hic
805 3976 899 4028 autem
917 3991 961 4028 res
980 3990 1093 4042 prorsus
1113 3973 1196 4028 aliter
1211 3989 1270 4028 sese
1288 3973 1385 4038 habet,

240 4078 302 4116 cum
321 4064 407 4131 poeta
425 4059 556 4130 Phyllida
575 4062 604 4116 et
621 4061 838 4132 Demophoonta
856 4061 930 4117 inter
956 4077 986 4116 se
1006 4063 1196 4130 colloquentes
1220 4061 1320 4129 faciat,
1343 4061 1386 4118 ita

240 4153 272 4202 ut
290 4150 395 4204 formas
414 4167 471 4204 non
490 4148 545 4202 nisi
563 4149 701 4204 cotidiani
725 4151 860 4206 sermonis
878 4152 972 4205 locum
997 4168 1056 4205 esse
1075 4154 1181 4205 certum
1200 4150 1245 4206 sit.
1284 4151 1385 4222 Saepe·

240 4255 355 4292 numero
386 4241 481 4294 autem
503 4237 532 4291 in
556 4237 635 4292 libris
663 4239 861 4309 manuscriptis
885 4257 967 4296 vaces
996 4240 1124 4308 integrae
1150 4241 1194 4294 vel
1217 4240 1321 4296 lItteris
1339 4241 1385 4297 vel

241 4325 358 4395 syllabis
377 4328 516 4397 augentur
535 4325 675 4382 similibus
694 4345 803 4396 aarum,
827 4346 897 4398 quae
920 4328 1113 4398 insequantur.
1151 4328 1229 4384 ldem
1251 4331 1385 4386 hocloco

240 4411 269 4467 in
289 4416 415 4469 stonensi
440 4416 546 4470 sactum
573 4433 634 4470 csse
658 4417 831 4471 confidenter
847 4417 1013 4486 pronuntio,
1032 4434 1095 4472 curn
1118 4417 1209 4489 prima
1231 4419 1308 4475 vocis
1329 4420 1385 4474 ‘coc-
1454 4443 1466 4462 ⁴
