3346 4934
764 296 987 362 ..56-

301 456 383 522 Oum
411 479 487 521 vero
517 458 558 521 ab
587 458 762 541 exemplari
791 479 908 542 graeco
934 458 975 521 iis
999 462 1128 522 tantum
1151 458 1233 523 locis
1259 458 1447 536 discederet,

302 564 420 648 quibus
444 564 567 648 aliquid
590 565 701 629 deesse
725 565 1022 648 animadvertisset,
1045 564 1170 630 factum
1194 569 1253 651 est,
1275 569 1314 629 ut
1337 588 1448 649 quam-

301 671 350 736 vis
374 672 533 754 quaedam
557 671 779 755 amplificaret,
798 675 909 736 tamen
927 695 1088 757 nusquam
1106 694 1157 736 res
1176 673 1347 757 proferret,
1366 694 1447 756 quae

302 779 343 842 ab
366 777 511 843 Homero
534 798 669 862 prorsus
693 779 915 844 abhorrerent.

390 883 462 956 Iam
485 885 513 949 si
538 885 732 970 quaerimur,
754 908 833 950 num
856 886 891 949 in
913 885 953 950 iis
975 887 1182 971 carminibus,
1201 908 1284 970 quae
1303 886 1448 952 omnium

303 1013 461 1056 consensu
481 991 598 1056 Ovidio
622 992 821 1078 tribuuntur,
844 993 967 1058 similes
991 993 1155 1058 interdurn
1178 993 1244 1057 loci
1268 996 1449 1076 occurrant,

303 1097 421 1181 quibus
450 1121 519 1163 sese
548 1099 588 1162 ad
611 1097 748 1163 Homeri
777 1100 920 1164 carmina
949 1101 1129 1185 applicasse
1158 1104 1215 1164 aut
1243 1103 1369 1164 certum
1393 1103 1449 1164 aut

302 1205 478 1269 verisimile
508 1205 565 1289 sit,
596 1205 659 1270 hoc
689 1206 736 1269 ita
764 1228 833 1271 esse
861 1207 975 1292 negari
1002 1230 1069 1272 non
1096 1211 1215 1290 potest.
1262 1206 1356 1284 Quod
1385 1229 1448 1292 quo

303 1312 418 1402 melius
442 1311 668 1396 perspiciatur,
691 1312 830 1377 adiciam
853 1315 1001 1397 exempla
1025 1315 1183 1398 quaedam
1203 1314 1372 1398 exquisita.
1380 1312 1405 1397 ¹)

393 1418 501 1502 Atque
524 1416 671 1483 Amori
696 1421 724 1501 7,
748 1421 788 1485 31
815 1443 877 1504 sq:

438 1541 595 1608 ‘Pessima
616 1543 747 1627 Tydides
769 1545 914 1609 scelerum
936 1547 1125 1610 mouimeuto
1144 1547 1276 1627 reliquit.

436 1650 489 1714 uu
510 1651 599 1715 mom
618 1652 904 1732 primusprimus?

304 1793 470 1857 affluxisse
504 1792 533 1856 ei
565 1791 741 1858 verisimile
774 1798 825 1858 est
858 1818 896 1859 ex
924 1794 1022 1860 Hom.
1042 1798 1063 1860 Ε
1082 1796 1157 1880 336,
1188 1797 1245 1861 ubi
1276 1795 1449 1860 Diomedes

304 1900 478 1978 Venerem,
502 1898 647 1964 Aeneam
669 1904 910 1986 protegentem,
933 1903 968 1966 in
991 1925 1089 1966 manu
1112 1902 1232 1967 dicitur
1255 1903 1452 1967 vulnerasse.

393 2006 504 2072 Amor.
523 2006 540 2070 I
559 2007 588 2091 9,
608 2007 649 2071 39
670 2029 730 2090 sq.:

439 2131 547 2196 ‘Mars
569 2153 684 2214 qnoque
702 2133 866 2214 deprensus
879 2124 1019 2214 *fabrilia
1041 2119 1166 2200 uiucutu
1188 2137 1291 2200 scusit.

438 2239 551 2304 Notior
573 2240 609 2303 iu
631 2239 711 2303 cacto
732 2239 842 2319 subulo
863 2241 954 2306 uuiti
974 2239 1062 2320 fuit'

304 2381 470 2465 pertinent
501 2380 538 2444 ad
570 2361 705 2446 Home
725 2381 919 2446 266—326.
966 2381 1015 2446 De
1047 2383 1160 2447 eodem
1191 2383 1351 2447 adulterio
1380 2383 1453 2447 Art.

306 2491 402 2551 amat.
422 2486 455 2550 ΙΙ
475 2486 650 2552 561-589
684 2487 847 2570 copiosius
882 2510 979 2572 quam
1010 2489 1078 2574 hic,
1106 2490 1162 2553 sed
1194 2490 1324 2554 brevius
1354 2512 1453 2572 quam

306 2594 391 2678 apud
421 2593 601 2658 Homerum
629 2593 752 2679 agitur,
784 2594 833 2658 ita
860 2599 983 2681 tamen,
1010 2600 1048 2660 ut
1079 2596 1235 2660 nonnulla
1264 2600 1315 2660 sat
1343 2619 1453 2660 crassa

305 2701 466 2786 Minerva,
494 2701 766 2784 quemadmodum
795 2702 888 2766 decet
916 2703 1067 2767 carminis
1096 2703 1184 2767 illius
1212 2707 1378 2787 naturam,
1401 2703 1452 2767 ad-

306 2809 432 2873 dantur.
486 2807 575 2884 Quae
613 2808 833 2892 amplificandi
869 2809 954 2874 ratio
990 2809 1083 2874 valde
1115 2810 1244 2874 videtur
1276 2830 1452 2895 congruere

306 2939 380 2980 cum
403 2916 520 2980 tertiae
543 2915 686 2980 heroidis
710 2916 955 2999 compositione.

334 3006 340 3010 ’
395 3021 506 3087 Amor.
526 3021 542 3084 I
568 3023 618 3107 10,
641 3022 683 3087 53
708 3043 768 3106 sq:

440 3146 569 3228 ‘carpite
591 3148 627 3212 dc
643 3148 748 3230 pteuis
764 3149 930 3230 pendentes
951 3148 1062 3212 vitibus
1084 3170 1174 3232 uuas,

433 3254 581 3334 praebeat
602 3255 728 3319 Alcinoi
746 3275 842 3336 potua
859 3255 1006 3336 tenipus
1028 3253 1125 3337 uper?

307 3395 466 3460 referendi
494 3400 570 3460 sunt
600 3398 640 3461 ad
669 3397 800 3462 Alcinoi
826 3398 998 3462 hortorum
1026 3397 1291 3482 descriptionem,
1324 3398 1453 3480 qualem
1536 3457 1539 3463 ,
1650 3467 1651 3484 χ

290 3489 407 3566 'habes
431 3524 450 3581 η
471 3503 655 3568 112-131.

397 3609 508 3674 Amor.
528 3610 543 3673 I
569 3611 655 3694 13,1
684 3634 745 3694 sq:

442 3715 524 3780 ‘iou
546 3737 638 3798 super
660 3706 806 3782 oceuuuui
829 3719 911 3782 oeuit
932 3740 953 3780 a
974 3720 1092 3783 seniore
1114 3719 1227 3782 morito

441 3824 525 3904 mou
544 3825 694 3906 piuiuoso
716 3845 793 3906 quoe
815 3824 895 3888 uetuit
917 3845 974 3889 auc
996 3824 1102 3890 uuu'.

399 4074 424 4140 1)
445 4070 649 4126 Similitudines
669 4073 697 4125 et
715 4069 861 4140 imagines,
876 4086 948 4139 quae
963 4069 1064 4126 Ouidio
1079 4089 1141 4125 cum
1157 4073 1277 4128 Homero
1293 4089 1452 4127 communes

309 4162 383 4230 sunt,
399 4160 550 4230 diligenter
569 4163 709 4217 conlectos
729 4159 847 4214 Ioannes
861 4159 987 4214 Andreas
1002 4159 1145 4215 Washietl
1163 4161 1325 4218 inlustravit
1343 4180 1368 4220 a.
1386 4168 1453 4217 1883

308 4250 337 4304 in
357 4249 554 4305 dissertatione
573 4249 790 4318 vindobonensi,
809 4265 881 4316 quaa
900 4253 944 4304 est
964 4249 1007 4304 ‘dc
1025 4251 1255 4306 similitudinibus
1274 4253 1453 4322 imcpiuibas·

310 4356 361 4409 quc
386 4339 542 4395 Ouidiauis'
572 4358 599 4408 p.
614 4344 700 4393 5-43
731 4341 760 4392 et
787 4337 850 4392 aliis
875 4339 981 4408 passim
1009 4339 1090 4407 locis,
1119 4356 1188 4406 quos
1212 4358 1245 4394 ex
1267 4340 1361 4396 indice
1389 4340 1456 4394 licet

309 4444 485 4497 cognoscere.
583 4453 586 4461 =
