3346 4934
742 323 958 386 ..30-

279 481 420 567 possim'
445 480 487 568 (v.
511 484 562 547 21.
582 481 648 570 22).
694 483 810 567 laque
834 483 984 549 Iasonem
1008 484 1048 549 ad
1071 487 1242 569 praeteriti
1265 489 1423 574 temporis

280 591 471 655 memoriam
495 591 649 675 excitans,
673 613 754 675 eum,
784 612 858 655 cum
881 593 915 654 in
939 595 1061 656 terram
1083 592 1180 676 plane
1203 593 1351 679 ignotam
1374 583 1425 660 vess

279 696 382 761 nisset
405 695 447 780 (v.
467 693 613 782 23-30)
637 719 815 781 numquam
837 697 984 782 profecto
1008 697 1130 764 Aeetae
1161 701 1315 766 mandata
1339 724 1425 768 exse·

280 808 431 868 cuturum
458 803 560 868 fuisse
589 805 740 869 adfirmat
772 801 814 890 (v.
838 803 999 891 31-52),
1030 841 1066 852 -
1098 829 1202 890 neque
1231 808 1317 872 enim
1346 813 1425 876 tunc

279 908 436 980 Creusam
459 915 516 975 aut
540 909 715 976 Creontem
738 911 768 975 ei
792 911 967 995 quicquam
990 912 1156 997 profuisse
1181 910 1223 1000 (v.
1243 916 1294 981 53.
1309 913 1366 1001 54)
1382 954 1426 962 -

278 1017 342 1082 nisi
369 1018 442 1101 ipsa
470 1040 580 1083 amore
608 1022 705 1102 capta
732 1023 909 1103 postquam
937 1018 993 1083 diu
1021 1023 1180 1085 cunctata
1202 1025 1303 1106 esset,
1330 1021 1423 1086 illum

279 1125 430 1188 adiuvare
454 1125 627 1189 statuisset
652 1123 695 1210 (v.
711 1123 866 1211 55-66).
913 1124 1048 1211 Repetit
1072 1127 1170 1191 simul
1189 1128 1425 1194 clandestinum

277 1231 359 1294 illud
387 1231 587 1315 colloquium
615 1232 650 1296 in
677 1232 811 1297 delubro
835 1231 960 1298 Dianae
983 1232 1148 1318 habitum,
1177 1257 1240 1318 quo
1265 1234 1338 1300 Iaso
1364 1258 1423 1320 ope

279 1359 338 1402 sua
359 1338 535 1421 implorata
559 1335 604 1425 (νζ
621 1337 766 1426 67-82)
791 1361 825 1404 se
854 1361 983 1425 semper
1009 1339 1115 1424 ipsam
1138 1363 1274 1406 uxorem
1296 1343 1390 1409 habit
1413 1381 1424 1389 ·

278 1467 351 1508 rum
382 1467 452 1510 esse
486 1445 554 1510 iure
587 1446 722 1511 iurando
751 1469 788 1512 ac
815 1447 878 1511 fide
899 1447 1054 1516 ,sanxerit
1082 1447 1124 1532 (v.
1139 1448 1305 1535 83-92).
1351 1450 1423 1526 Quo

279 1574 353 1616 cum
376 1552 500 1618 factum
524 1557 623 1638 esset,
651 1558 688 1618 ut
717 1576 750 1619 se
777 1554 950 1619 adiuvante
978 1554 1148 1619 laboribus
1172 1554 1235 1620 sibi
1258 1555 1423 1639 impositis

278 1659 528 1746 perfimgeretur
555 1657 597 1745 (v.
621 1661 790 1745 93-108)
819 1684 853 1726 se
885 1683 962 1746 prae
994 1661 1084 1726 illius
1115 1683 1225 1726 amore
1256 1665 1430 1748 cognatos,¹

277 1767 428 1852 patriam,
455 1788 602 1852 regnum,
629 1768 821 1852 pudicitiam
844 1768 1026 1853 neglexisse
1050 1764 1063 1840 i
1065 1790 1093 1832 v.
1119 1767 1321 1854 ros—112),
1346 1769 1424 1852 quin

279 1874 379 1937 etiam
402 1896 462 1957 pro
486 1874 555 1939 eius
575 1873 679 1940 salute
699 1875 800 1939 fratre
819 1875 1016 1958 interempto
1037 1875 1230 1939 detestabile
1254 1875 1424 1940 admisisse

277 1979 440 2065 flagitium
458 1980 595 2064 ideoque
614 1981 747 2066 dignam
766 1981 877 2065 fuisse,
901 2003 982 2064 quae
1002 1981 1115 2045 eodem
1137 1981 1233 2045 modo
1252 1986 1423 2046 necaretur

278 2091 334 2151 aut
358 2111 421 2152 una
445 2111 519 2153 cum
542 2087 659 2152 Iasone
682 2088 837 2153 fluctibus
861 2092 959 2152 maris
980 2110 999 2151 a
1023 2087 1071 2151 dis
1096 2087 1258 2152 ultoribus
1281 2090 1423 2153 submer-

277 2199 409 2277 geretur
438 2194 480 2281 (v.
506 2192 695 2282 113-126)
713 2192 737 2282 ).
789 2193 852 2259 Sed
887 2195 921 2258 in
950 2193 1086 2260 Graecia
1115 2217 1242 2280 quoque
1270 2198 1320 2259 se,
1336 2219 1423 2261 com-

277 2302 382 2366 modis
407 2301 475 2366 eius
499 2302 673 2367 inservisse
698 2301 842 2367 ostendit
866 2299 909 2386 (v.
937 2300 1133 2384 iai-132).
1179 2299 1293 2366 Nihilo
1318 2302 1423 2366 secius

277 2431 362 2473 nunc
377 2431 441 2473 una
456 2431 530 2473 eum
544 2409 657 2474 liberis
673 2409 713 2473 ab
729 2408 787 2474 illo
808 2407 975 2472 exturbari
989 2403 1032 2493 (v.
1049 2403 1248 2494 133-136).
1287 2405 1421 2473 Summo

276 2515 389 2579 deinde
419 2516 526 2580 colore
556 2516 606 2580 sui
633 2516 736 2600 ipsius
764 2520 944 2580 maerorem
978 2519 1077 2598 atque
1105 2515 1231 2579 luctum
1258 2513 1424 2600 inlustrat,

276 2620 427 2687 Iasonem
469 2622 567 2688 aliam
608 2624 723 2688 ducere
764 2645 898 2688 uxorem
939 2621 1175 2707 pedetemptim
1217 2619 1422 2707 sennensi)

277 2726 319 2815 (v.
345 2730 543 2813 isi—lta).
589 2730 668 2815 Iam,
701 2729 787 2814 quod
809 2730 958 2794 homines
983 2728 1047 2793 sibi
1070 2728 1257 2793 carissimos
1281 2729 1423 2813 turpiter

275 2836 469 2921 prodiderit,
506 2837 609 2902 iustas
650 2859 683 2902 se
716 2860 754 2903 ac
787 2838 915 2903 debitas
948 2858 1070 2920 poenas
1104 2836 1229 2900 solvere
1263 2836 1423 2900 exclamat

277 2941 318 3026 (v.
344 2944 416 3009 159.
444 2943 535 3029 160),
563 2944 591 3008 si
614 2945 722 3028 patria
746 2944 866 3009 amissa
890 2967 909 3008 a
932 2943 1002 3008 viro
1027 2965 1170 3027 quoque,
1193 2943 1227 3006 in
1251 2963 1346 3024 quem
1370 2943 1421 3003 tot

276 3053 432 3134 tantaque
457 3051 632 3116 contulerit
655 3051 820 3134 beneficia,
844 3050 1005 3115 destituta
1028 3048 1072 3135 (v.
1095 3046 1283 3132 iti—168)
1307 3049 1419 3112 noctes

277 3159 310 3218 et
334 3156 402 3220 dies
427 3156 593 3222 acerrimis
617 3157 756 3222 invidiae
781 3157 924 3222 stimulis
950 3157 1132 3222 concitetur
1156 3152 1198 3241 (v.
1223 3151 1422 3240 169-180).

184 3298 189 3306 ·
275 3260 322 3326 At
344 3284 501 3327 non-eam
520 3285 600 3347 esse,
624 3286 705 3348 quae
724 3264 880 3328 iniuriam
899 3267 1066 3348 acceptam
1085 3282 1188 3346 aequo
1208 3262 1316 3326 animo
1336 3260 1421 3325 ferat

275 3369 317 3451 (v.
335 3370 406 3433 181.
433 3369 526 3456 182);
555 3371 612 3436 sed
639 3371 789 3454 precibus
814 3369 964 3436 Iasonem
993 3371 1090 3434 malle
1114 3369 1218 3454 adire,
1245 3373 1283 3433 ut
1305 3368 1422 3434 libero-

216 3547 219 3553 .
275 3496 357 3560 rum,
381 3497 462 3558 quos
482 3497 520 3540 ex
538 3499 571 3541 se
591 3478 780 3564 susceperit,
803 3478 969 3543 miseritus
989 3477 1061 3541 iura
1085 3476 1149 3541 sibi
1173 3480 1285 3560 erepta
1308 3475 1421 3540 reddat

276 3578 318 3665 (v.
346 3580 549 3669 183-194);
578 3585 664 3669 quod
690 3607 757 3649 non
785 3589 853 3649 tam
883 3584 1014 3649 difficile
1045 3605 1115 3648 esse
1139 3583 1230 3650 factu
1253 3605 1350 3667 quam
1375 3604 1422 3665 ea,

275 3709 356 3770 quae
391 3690 554 3772 quondam
589 3690 645 3756 ille
680 3691 715 3755 in
747 3690 944 3757 Colchorum
977 3691 1096 3756 finibus
1130 3713 1149 3754 a
1182 3712 1216 3756 se
1249 3689 1421 3774 expetierit

275 3833 487 3842 ———--——

365 3921 390 3989 1)
411 3918 497 3974 Nulla
515 3921 560 3974 est
580 3919 682 3975 idonea
701 3937 793 3989 causa,
808 3937 858 3974 our
870 3918 1002 3974 Lehrsius
1022 3918 1039 3974 i.
1054 3918 1073 3974 l.
1093 3937 1119 3988 p.
1135 3915 1226 3973 OCLII
1244 3916 1274 3972 in
1293 3916 1420 3972 versibus

274 4014 414 4063 llo-126
437 4010 466 4063 et
489 4009 558 4064 rude
582 4014 779 4078 argumentum
802 4011 832 4063 et
854 4009 989 4063 barbaras
1017 4007 1172 4062 sententias
1192 4006 1284 4062 inesse
1303 4006 1419 4071 dixerit3

274 4097 350 4168 quod
368 4113 435 4152 vero
461 4098 536 4153 idem
560 4098 595 4153 de
619 4099 777 4154 elocutione
799 4098 900 4153 horum
925 4113 1053 4153 versuum
1076 4095 1235 4164 contendit,
1260 4095 1335 4150 infra
1357 4111 1419 4148 exa·

273 4187 450 4242 minabimus.

362 4277 389 4344 2)
409 4275 564 4331 Permirum
592 4278 636 4330 est
663 4293 681 4330 a
708 4273 824 4329 Lehrsio
852 4276 918 4344 post
945 4293 969 4330 v.
988 4281 1038 4330 136
1061 4274 1128 4329 novi
1150 4271 1275 4343 coniugii
1299 4288 1417 4328 comme·

275 4364 459 4419 metationem
483 4365 651 4433 desiderari,
676 4364 745 4420 satis
770 4364 844 4418 enim
864 4380 1001 4433 superque
1020 4363 1092 4417 illud
1117 4363 1309 4418 videturesse
1333 4360 1418 4429 nigui-

274 4455 394 4507 ficetum.
