3346 4934
744 292 960 356 ..40-

374 455 424 519 Ad
448 455 527 519 haec
551 454 638 517 mele
660 452 812 537 pertinet,
836 452 922 536 quod
944 450 1072 535 puellae
1096 449 1310 514 multifariam
1334 449 1427 513 timo-

282 586 351 628 rem
382 562 583 647 signifiount,
611 582 652 624 ne
682 559 760 643 quid
784 558 912 624 adversi
934 559 1004 623 viro
1029 561 1138 622 emoto
1162 555 1295 622 accidat.
1342 555 1390 622 Of.
1414 556 1430 619 I

287 669 434 735 11-22:

416 775 554 864 ‘quondo
576 795 628 858 epo
651 795 715 839 nou
738 774 828 838 timui
847 774 997 857 prooioro
1017 772 1155 854 urnula
1178 769 1279 836 ueris?

418 904 466 948 res
489 886 532 947 cst
553 881 677 946 solliciti
692 881 789 963 plum
812 879 932 944 timoris
955 901 1051 945 amor.

420 991 455 1055 iu
478 995 505 1054 te
526 987 676 1072 finpehom
699 988 843 1053 uiolentos
868 986 967 1052 Troos
989 987 1088 1051 ituros

418 1098 541 1162 nomine
563 1096 598 1160 in
620 1094 753 1160 hectoreo
772 1095 896 1178 pollido
917 1114 1034 1177 semper
1056 1114 1151 1159 eram

416 1205 478 1269 siue
500 1204 570 1285 quis
591 1201 792 1267 Antilochum
814 1200 968 1267 uorrohot
989 1201 1028 1265 oh
1050 1201 1180 1266 Hectore
1202 1201 1315 1265 uictum

298 1386 302 1396 Ἴ
417 1309 600 1375 Antilochus
622 1311 721 1375 nostri
744 1330 839 1374 causo
863 1309 982 1374 timoris
1004 1313 1079 1373 erut.

416 1419 492 1500 sico,
516 1415 731 1481 Menoetiaden
752 1417 845 1497 folsr‘s
868 1416 1006 1481 cecidisse
1028 1413 1084 1480 suh
1107 1415 1216 1495 armis,

417 1525 527 1606 helom
550 1543 686 1588 successu
702 1543 792 1605 posse
814 1543 916 1588 curere
939 1522 1031 1587 dolos.

418 1633 570 1714 sonpuine
595 1630 789 1713 Tlepolemus
813 1631 925 1712 lpciom
948 1629 1123 1713 tepefecerat
1144 1628 1279 1710 mum,

392 1730 394 1735 ’
422 1738 590 1821 Tlepolemi
613 1738 669 1802 leto
692 1757 768 1801 curo
789 1741 902 1800 uoooto
925 1757 993 1800 meo
1016 1741 1067 1800 est.

419 1846 547 1926 deniqne
568 1845 709 1927 quisquis
731 1846 799 1907 erot
820 1843 931 1908 cestris
953 1843 1112 1926 lupulutus
1133 1842 1261 1921 achinis,

417 1953 565 2034 sripidius
584 1951 683 2035 plocio
702 1954 806 2032 putus
829 1950 966 2014 omoutis
989 1947 1076 2013 erut?

378 2077 522 2142 71-74:

422 2183 513 2266 ‘quid
535 2183 659 2247 timeum
681 2183 801 2264 lynceo,
825 2183 914 2245 timeo
937 2185 1041 2245 tomen
1063 2183 1170 2246 omniu
1192 2182 1329 2260 demens,

419 2296 448 2355 et
463 2295 551 2373 potet
571 2291 606 2354 iu
629 2309 721 2354 uerus
743 2309 818 2353 orco
841 2288 907 2353 loto
929 2308 1021 2352 uceos.

419 2417 623 2479 quoecumque
644 2417 756 2478 aequor
779 2395 879 2478 lubet,
901 2415 1106 2476 quoecumque
1125 2396 1266 2476 periodo
1290 2395 1379 2460 tellus

421 2509 485 2568 tum
508 2504 615 2587 loricae
637 2523 747 2568 cousus
769 2503 907 2585 srrspioor
930 2522 992 2567 esse
1014 2501 1143 2566 moroe.'

375 2629 408 2693 ΙΙ
434 2627 578 2694 15-18:

422 2734 592 2800 ‘interdum
615 2735 719 2817 timui,
742 2755 792 2818 ne,
815 2736 890 2799 dum
911 2735 995 2800 uodo
1018 2735 1116 2799 undis
1137 2736 1181 2799 od
1199 2734 1311 2818 Hebri,

420 2863 521 2906 muso
541 2843 621 2922 foret
642 2861 722 2906 cono
743 2842 902 2924 nuufropo
919 2842 1037 2924 puppis
1059 2862 1151 2923 aquo.

420 2969 507 3030 suepc
529 2950 598 3013 deos
619 2934 761 3030 supplere,
783 2953 820 3011 ut
842 2953 875 3012 tu
897 2949 1038 3012 scelerate
1059 2947 1189 3023 coleres;

422 3076 490 3118 oum
506 3075 597 3138 prece
619 3056 792 3118 turicremis
814 3056 992 3118 deveneroto
1012 3054 1114 3134 sous)

377 3159 426 3225 VI
451 3161 491 3224 73
516 3183 576 3244 sq.:

422 3266 515 3331 ‘udde
532 3287 637 3348 preces
660 3272 772 3346 costos,
796 3269 989 3349 inmixtaque
1009 3273 1080 3333 uoto
1103 3269 1221 3348 timori,

422 3394 506 3438 nnnc
527 3394 643 3455 quoqne
667 3379 693 3438 te
715 3375 799 3439 soluo
818 3375 1019 3456 persoluenda
1041 3373 1138 3438 uiuu’
1248 3449 1251 3456 Ι

379 3479 426 3543 ΙΧ
450 3479 596 3545 35-38:

423 3586 508 3670 ‘ipso
530 3590 618 3654 domo
641 3590 748 3671 uiduu,
771 3591 848 3653 uotis
870 3594 996 3672 operoto
1012 3589 1150 3672 pudicis,

423 3699 574 3778 torqueor,
596 3696 705 3775 infesto
728 3717 766 3760 ne
788 3697 836 3760 uir
859 3696 897 3760 oh
920 3696 1001 3762 hoste
1023 3698 1123 3761 eodot.

422 3803 503 3866 iuter
525 3807 673 3883 serpentes
695 3824 846 3886 aprosque
867 3805 1029 3884 auidosque
1052 3805 1150 3868 leones

422 3909 520 3972 ioctor
541 3914 570 3973 et
591 3907 725 3995 esurosl)
750 3916 838 3975 mnu
855 3931 913 3992 per
935 3930 992 3973 oro
1014 3907 1123 3974 conos?

380 4070 405 4132 1)
434 4065 502 4120 Cum
534 4064 580 4134 id,
610 4066 684 4134 quod
717 4065 746 4119 in
773 4065 853 4121 codd.
876 4064 1000 4135 parisino
1030 4066 1060 4118 et
1087 4066 1301 4136 guelferbytano
1330 4067 1435 4136 legitur

291 4153 440 4208 ‘humeros’
461 4153 528 4207 ferri
546 4159 676 4223 nequeat,
695 4154 827 4208 Heinsius
848 4155 961 4208 ‘esuros'
982 4170 997 4206 c
1017 4153 1161 4210 codicibus
1185 4155 1294 4223 aliquot
1313 4155 1435 4211 deterio-

289 4241 367 4296 ribus
395 4245 470 4298 recte
497 4243 611 4304 videtur
638 4243 784 4312 recepisse.
821 4243 919 4310 Itaque
948 4260 1122 4312 supervacue
1151 4246 1195 4298 est
1222 4243 1343 4299 Gilbcrii
1371 4262 1434 4299 con-

289 4329 397 4386 iectura
421 4332 479 4386 ‘Ad
505 4333 588 4388 Ouidi
615 4334 736 4387 heroides
763 4331 951 4400 quaestionum
979 4333 1138 4386 criticorum
1165 4339 1190 4388 ct
1216 4335 1434 4401 erepeticorum’,

290 4436 362 4489 quae
380 4420 546 4489 prodierunt
565 4437 590 4475 a.
611 4426 687 4476 1887.
726 4419 858 4487 Misenus,
877 4438 905 4488 p.
922 4426 937 4474 9
959 4421 1115 4476 ‘housuros'
1136 4419 1327 4490 proponentis.
