3326 4930
687 309 907 376 -69,

223 469 420 536 confirmari.
467 468 574 534 Versu
597 468 641 534 54
664 465 784 555 enim1)
807 472 940 553 poetam
964 443 1058 553 sequi
1081 468 1289 558 Sophoclem,
1315 473 1370 557 qui

224 576 422 662 Aegisthum
450 580 564 642 auctor
588 575 633 640 sit
656 577 697 640 ab
722 575 838 640 Oreste
862 576 896 640 in
919 576 1032 641 eodem
1056 577 1221 663 cubiculo,
1244 601 1309 663 quo
1328 581 1369 643 ab

224 683 384 769 Aegistho
408 683 702 768 Agamemnonem,
732 683 875 750 occisum
898 705 983 769 esse,
1011 683 1078 748 iam
1105 683 1258 750 Loersius
1282 690 1370 751 recte

224 791 467 875 animadvertit,
500 790 549 855 ita
581 794 618 853 ut
649 790 736 854 idem
768 790 803 854 in
835 788 1013 856 Hermione
1046 813 1173 876 quoque
1211 793 1369 858 traditum

222 897 323 962 fuisse
346 896 523 962 verisimile
548 894 633 983 sit.²)

311 1003 425 1068 Iamsi
445 1003 630 1088 quaerimus
646 1001 779 1069 Ovidius
794 1027 874 1067 num
897 1025 963 1089 res,
987 1025 1069 1088 quae
1087 1006 1122 1070 in
1141 1005 1273 1072 Heroid.
1291 1005 1369 1071 VIII

222 1133 261 1174 ex
288 1110 428 1174 historia
455 1110 595 1174 fabulari
624 1095 818 1194 deprompta
846 1114 936 1195 sunt,
968 1111 1004 1174 in
1032 1121 1126 1176 suum
1154 1134 1250 1178 usum
1276 1135 1369 1178 voca-

224 1217 310 1282 verit
333 1221 366 1281 et
390 1218 566 1301 quomodo,
590 1239 701 1283 earum
723 1216 810 1282 haud
835 1239 910 1282 raro
930 1217 1131 1298 mentionem
1150 1218 1190 1282 ab
1214 1218 1272 1283 illo
1291 1218 1368 1284 inici

223 1328 274 1389 est
293 1325 539 1389 concedendum.
576 1323 724 1388 Primum
748 1327 857 1388 autem
877 1324 915 1388 de
934 1323 1093 1389 Tristium
1111 1324 1184 1390 loco
1204 1325 1285 1388 satis
1305 1348 1367 1390 me-

223 1431 375 1498 morabili
390 1434 523 1516 agatur,
543 1452 607 1515 quo
621 1430 725 1496 totius
741 1431 894 1498 carminis
914 1434 1143 1517 argumentum
1160 1454 1177 1496 e
1196 1429 1367 1518 Sophoclis

220 1540 390 1626 tragoedia
417 1541 626 1624 adsumptum
656 1562 726 1604 esse
755 1540 855 1606 etiam
884 1540 989 1626 magis
1019 1539 1259 1622 comprobetur.
1305 1538 1368 1604 Est

219 1647 318 1712 Trist.
342 1645 374 1710 II
397 1647 590 1731 381-4062
620 1647 678 1712 ubi
707 1650 818 1732 poeta,
852 1650 889 1714 ut
922 1669 956 1711 se
986 1647 1025 1711 de
1052 1645 1155 1710 nimia
1187 1644 1367 1710 carminum

221 1776 355 1818 suorum
377 1753 513 1820 lascivia
534 1757 669 1838 purget,
691 1753 727 1816 in
749 1753 830 1837 ipsis
850 1753 1043 1839 tragoediis,
1067 1751 1261 1838 gravissimo
1281 1751 1368 1818 litte-

219 1883 329 1925 rarum
361 1882 494 1947 genere,
531 1860 722 1952 levitatibus
741 1860 922 1926 amatoriis
955 1861 1057 1924 latam
1091 1859 1225 1945 exponit
1255 1863 1367 1945 patere

221 1990 338 2034 aream.
385 1965 448 2032 Sed
472 1967 572 2032 verba
594 1966 699 2051 ipsius
722 1965 900 2051 proferam:

309 2110 425 2176 ‘Omae
444 2130 543 2194 paam
564 2111 673 2192 aripti
692 2110 844 2193 pravitate
868 2111 1024 2192 tropaeam
1047 2110 1158 2176 aiaeit:

306 2217 379 2284 iaec
400 2237 517 2300 qaoque
538 2217 697 2280 materiem
719 2236 837 2300 semper
860 2219 977 2282 amoris
1000 2217 1098 2282 tabet.

308 2325 395 2390 Nam
412 2325 490 2407 qaid
507 2324 541 2388 ia
560 2323 731 2407 Haimatpto
749 2329 805 2407 est,
823 2325 888 2390 misi
905 2344 1010 2390 caecae
1027 2323 1157 2405 Mmma
1176 2321 1343 2386 maereae?

307 2432 420 2497 aetitia
442 2436 486 2497 est
507 2429 629 2497 Oaaaee
652 2430 766 2512 fratris
788 2433 972 2497 amorerat.

218 2555 270 2603 385
312 2538 416 2618 Quid?
440 2559 503 2603 aaa
530 2537 722 2621 Tantalides,
746 2539 883 2621 cattam
908 2536 1058 2621 (timidiae
1081 2557 1204 2616 carras,

307 2646 449 2726 pisaeum
466 2645 609 2728 pirypiis
631 2645 715 2708 aeait
736 2644 869 2710 chamas
891 2625 1001 2726 equis?
1189 2659 1191 2662 ·

311 2751 474 2834 Tiapaeret
494 2757 530 2817 at
550 2753 670 2832 ferram
693 2756 839 2816 materam
861 2753 1013 2834 saapaiae
1035 2756 1146 2828 mater,

309 2858 445 2924 concitis
467 2880 488 2924 a
512 2860 592 2925 laeso
613 2859 688 2940 feeit
709 2879 814 2924 amore
836 2859 930 2924 dator.

307 2964 397 3030 Fecit
418 2986 508 3031 amor
529 2966 648 3032 subitas
670 2966 804 3031 autumes
827 2969 896 3030 cam
914 2965 1011 3050 pelice
1032 2985 1131 3047 repam

218 3087 270 3137 390
306 3093 442 3155 quaeqae
464 3093 556 3138 saam
579 3075 660 3156 tepet
682 3093 765 3138 aaac
788 3093 904 3156 qaoque
926 3076 1024 3136 mater
1046 3071 1129 3154 Itym.

306 3176 344 3244 Si
366 3200 429 3245 aaa
451 3180 594 3263 Aeropea
615 3181 715 3260 frater
738 3181 901 3246 sceleratas
924 3183 1071 3263 amasset,

202 3356 207 3365 ,
306 3305 427 3352 aversos
449 3285 532 3352 Setis
554 3307 617 3352 aaa
640 3287 804 3370 haeremus
826 3307 923 3368 eqaos.

307 3392 415 3475 Impia
437 3413 491 3458 aec
515 3394 645 3476 tropicos
669 3394 813 3476 tetigisset
834 3393 940 3478 Scylla
962 3392 1125 3458 cotimaos

306 3500 343 3563 ai
361 3501 503 3581 patriam
526 3501 642 3565 eriaem
664 3501 843 3566 desmaisset
864 3520 962 3566 amor.

217 3619 269 3669 395
308 3604 370 3685 aaa·
393 3606 467 3689 lepis
489 3605 692 3672 Electraa'et
713 3609 844 3689 egeatem
867 3608 976 3670 mentis
1001 3605 1138 3690 Orestem,

306 3712 448 3794 Aegisthi
469 3714 586 3778 crimea
611 3712 864 3797 Tpradaridosqae
887 3713 968 3796 lepis.

306 3819 392 3883 Nam
414 3821 491 3901 qaid
512 3821 548 3885 de
571 3820 673 3886 tetrico
695 3821 829 3900 referam
852 3820 999 3885 domitore
1023 3818 1222 3896 Chimaerae,

307 4049 333 4117 1)
515 4047 672 4118 ‘impetuque
690 4049 837 4118 Aegisthus
855 4055 949 4118 aperto

376 4141 446 4192 tecta
465 4139 626 4202 amentavit,
644 4155 713 4206 qaae
727 4143 809 4208 pater
827 4144 891 4194 aate
909 4139 994 4194 raas’.

305 4246 333 4315 2)
352 4241 392 4300 Of.
413 4243 543 4313 Sophocl.
561 4244 664 4299 Electr.
686 4247 754 4299 1495
769 4262 823 4313 uqa

519 4353 603 4418 χώρει
622 4352 648 4404 δ’
665 4353 783 4420 ἔνθαπερ
803 4353 969 4406 κατέκτανε(

377 4441 486 4508 πατέρα
504 4441 555 4496 τὸν
574 4441 653 4509 ἀμὸν,
674 4443 713 4499 ὼε
731 4443 765 4496 ἂν
784 4443 814 4496 ἐν
833 4443 929 4512 ταύτῷ
949 4442 1043 4511 θάνῃς.
