3346 4934
700 288 922 353 ...57-

240 453 389 533 spectaut
426 450 466 513 ad
503 449 694 513 notissimos
730 448 805 512 illos
842 469 955 512 versus
991 447 1174 511 homericos
1208 447 1233 511 A
1258 447 1275 510 1
1304 469 1382 530 sqq„

238 579 253 622 ε
279 559 295 622 1
321 579 404 642 sqq.:

370 663 454 730 Ἠὼε
477 663 509 728 δ’
533 665 569 728 ἐκ
592 665 716 741 λεχέων
740 661 818 742 παρ’
842 662 965 746 ἀγαυοῦ
989 665 1146 728 Τιθωνοῖο

369 770 491 851 ὤρνυθ’
513 769 560 835 ἵν’
582 769 766 836 ἀθανάτοιο
789 770 882 850 φόωε
906 753 1001 850 φέροι
1025 771 1081 849 ἠδέ
1108 775 1273 851 βροτοῖοιν.

236 882 269 942 et
292 881 317 943 Τ
344 879 359 942 1
386 901 468 963 sqq.:

370 984 453 1051 Ἠὼε
478 986 535 1062 μὲν
558 983 781 1063 κροκόπεπλοε
804 981 862 1049 ἀπ’
886 981 1054 1049 Ὠκεανοῖο
1077 982 1186 1063 ῥοάων

370 1090 490 1172 ὤρνυθ’
512 1090 559 1156 ‘tr'
582 1091 765 1158 ἀθανάτοιο
788 1091 880 1170 φόωε
903 1093 998 1171 φέροι
1021 1091 1078 1170 ἠδὲ
1104 1095 1269 1170 βροτοῑειν.

327 1215 468 1281 Maxime
491 1240 567 1282 vero
591 1217 748 1282 notabilis
772 1219 822 1280 est
845 1217 936 1281 locus
960 1215 1055 1280 Hom.
1075 1219 1106 1282 Δ
1134 1216 1192 1280 141
1215 1238 1274 1300 sq.:

372 1341 415 1405 άιε
440 1341 472 1405 δ’
495 1341 550 1407 ὅτε
573 1343 620 1407 τί(
643 1340 675 1406 τ’
697 1343 873 1420 ἐλέφαντα,
896 1344 976 1421 γυνὴ
1000 1341 1118 1420 φοίνικι
1142 1343 1235 1424 μιήνῃ

372 1451 494 1534 Μῄονιε
517 1450 554 1528 ἠὲ
580 1449 703 1528 Κάειρα.

239 1596 335 1656 quem
368 1573 504 1645 Ovidius
528 1573 640 1638 Amor.
662 1573 696 1637 ΙΙ
720 1573 750 1652 5,
773 1573 815 1638 39
840 1595 887 1657 sq.
925 1574 965 1636 ad
996 1573 1083 1637 hnnc
1115 1573 1248 1638 modum
1281 1576 1385 1636 trans-

239 1680 408 1746 formavit:

372 1787 443 1852 ‘aut
459 1789 553 1872 quood,
575 1809 614 1852 ae
637 1788 736 1870 tou-pis
758 1789 917 1870 flavescere
935 1787 1036 1870 possut
1056 1787 1095 1852 oh
1118 1788 1226 1870 cuuis,

370 1895 508 1960 maeonis
531 1897 687 1978 assyriam
708 1897 827 1976 femina
850 1895 947 1960 tiaee‘t
968 1891 1095 1980 aaa’1)

326 2019 398 2084 Art.
422 2024 519 2084 amat.
537 2019 572 2084 II
594 2021 660 2085 400
684 2042 746 2103 sq.:

372 2124 532 2192 ‘audiant
553 2127 735 2210 lateremque
757 2147 855 2191 meua
877 2128 1042 2207 ω’έάιιιιριιο
1061 2126 1208 2205 fermtcm

365 2215 427 2316 tro
450 2239 527 2298 ueta
551 2232 687 2317 Chrysea
709 2255 771 2298 ιιωι
794 2234 926 2299 calcasse
947 2231 1030 2296 τιναῆ

239 2359 448 2443 comparandi
470 2363 548 2423 sunt
566 2381 640 2422 cum
658 2357 754 2423 Hom.
770 2361 794 2424 A
813 2382 841 2423 v.
858 2358 997 2441 12—32,
1015 2356 1176 2441 imprimis
1196 2378 1269 2419 oum
1285 2379 1313 2418 v.
1330 2356 1385 2419 13:

372 2481 521 2563 (τέρματ’
545 2484 631 2563 ἔχων
654 2484 690 2548 ἐν
715 2485 800 2563 χερεὶ
823 2483 979 2564 ἑκηβόλου
1003 2480 1219 2547 Ἀπόλλωνοε.

328 2608 441 2672 Etiam
464 2610 644 2693 permultos
669 2609 751 2673 alios
775 2608 864 2673 locos
889 2609 928 2672 ad
948 2607 1085 2672 Homeri
1108 2589 1292 2694 exemplum
1311 2605 1384 2670 Ovi-

240 2714 312 2778 dius
337 2715 550 2800 adumbrarit
574 2738 655 2800 quos
676 2737 787 2780 omnes
806 2715 860 2779 hic
883 2714 1033 2799 persequi
1051 2714 1187 2800 longum
1207 2717 1265 2777 est.
1299 2713 1384 2777 Illud

240 2825 368 2885 tantum
389 2822 504 2887 addam
519 2845 574 2888 eos
589 2824 630 2888 ad
649 2823 831 2887 studiorum
849 2822 1088 2886 homericorum
1106 2820 1280 2885 historiam
1297 2820 1384 2885 haud

239 2950 339 3012 parvo
364 2935 529 2995 momento
555 2953 625 2996 esse
644 2931 755 3008 videri,
779 2952 878 3013 quam
900 2932 938 2994 ut
961 2928 1079 3012 aliquis
1104 2927 1306 2992 conscribere
1331 2948 1385 3012 ag-

230 3036 406 3121 -grediatur
425 3060 630 3122 summopere
650 3036 829 3122 optandum
849 3059 928 3120 esse,
951 3036 1017 3100 iam
1035 3034 1153 3099 abhinc
1172 3056 1274 3098 annos
1294 3033 1385 3117 quin-

239 3143 397 3229 quaginta
424 3148 550 3228 septem
578 3144 734 3210 Lehrsius
762 3143 845 3209 dixit
873 3144 907 3208 in
935 3142 1163 3208 dissertatione
1192 3140 1244 3206 ‘de
1272 3142 1384 3222 ireuia,

237 3256 388 3332 φααέαιιιο
411 3253 446 3315 iu
469 3252 599 3317 historia
622 3253 794 3317 stadiorum
817 3251 1039 3317 homericarum
1061 3245 1254 3333 ceraitrrr'2).

236 3353 240 3362 ’
330 3355 393 3421 Sed
416 3358 607 3442 priusquam
627 3359 666 3423 ad
687 3359 785 3423 aliam
804 3381 873 3423 rem
892 3362 1105 3439 transeamus,
1129 3356 1258 3440 longius
1279 3355 1385 3439 dispu-

239 3464 375 3527 tandum
403 3463 531 3528 videtur
558 3467 596 3530 de
624 3465 731 3550 prima
759 3465 913 3549 epistula,
942 3488 958 3529 e
987 3485 1050 3547 qua
1073 3461 1225 3527 Ovidium
1249 3462 1384 3528 Homeri

239 3567 379 3654 vestigia
401 3569 561 3635 imitando
584 3572 743 3656 pressisse
762 3571 862 3635 etiam
887 3571 990 3636 multo
1014 3569 1120 3655 magis
1141 3592 1239 3653 quam
1262 3592 1278 3633 e
1303 3569 1383 3633 locis
1492 3559 1494 3566 ¹

240 3697 338 3758 supra
355 3676 483 3740 collatis
502 3677 719 3762 cognoscitur.
754 3675 883 3760 Scripta
899 3675 1035 3760 fingitur
1052 3674 1165 3738 multis
1184 3674 1276 3738 annis
1297 3679 1384 3759 post-

241 3803 338 3863 quam
363 3782 503 3847 Troiae
527 3781 659 3847 Graecis
683 3788 781 3868 capta
804 3787 854 3846 est
878 3787 976 3866 atque
1000 3783 1116 3846 diruta.

329 3888 438 3972 Atque
463 3913 508 3975 ea,
533 3913 614 3974 quac
638 3889 800 3974 Penelope
824 3912 852 3953 v.
873 3891 953 3972 7sq.
977 3888 1069 3953 dicit:

373 4013 451 4078 ‘uon
473 4036 523 4097 epo
546 4016 660 4082 deserto
683 4016 845 4080 iacuissem
865 4015 985 4097 frtpe'de
1009 4015 1093 4097 lecto,

372 4140 434 4184 ιιοιι
456 4141 597 4202 quererer
620 4123 724 4187 tardos
747 4123 792 4186 ire
813 4123 921 4186 relicta
943 4119 1022 4184 dies’

331 4329 723 4400 AOEWfflfflpfflm

329 4419 356 4486 2)
374 4418 459 4474 Edita
477 4423 521 4475 est
539 4419 574 4474 ab
593 4419 735 4476 liudovico
754 4418 969 4475 Friedlacndero
988 4418 1150 4490 Regimonti
1169 4435 1243 4475 anno
1265 4428 1340 4479 1879.
1445 4457 1458 4490 ,
