3346 4934
708 276 923 342 „15-

241 461 316 504 nem
338 437 418 522 fieri,
442 437 562 521 quippe
582 459 664 520 quae
685 437 788 502 levius
809 441 918 501 essent
937 437 1128 521 opusculum
1150 459 1246 520 quam
1265 436 1391 520 reliqua

242 549 395 630 poemata
423 544 574 608 ovidiana
602 565 748 627 quaeque
776 544 816 608 ad
842 544 945 608 vitam
967 547 1084 627 poetae
1107 566 1147 608 ne
1172 543 1299 608 minimi
1323 543 1391 626 qui-

242 654 315 717 dem
345 654 454 716 essent
482 651 649 716 momenti.
695 650 837 714 Etiamsi
869 650 1004 715 Ovidius
1032 650 1107 715 illas
1135 649 1293 734 epistulas
1317 672 1391 713 nus-

242 781 341 842 quam
365 759 502 824 enodate
527 761 768 841 commemoret,
792 761 903 822 tamen
925 758 961 822 in
984 757 1024 822 iis
1047 757 1138 840 locis,
1162 756 1219 821 ubi
1241 756 1390 822 homines

242 867 293 931 vel
317 889 368 930 res
392 865 513 930 inillis
533 864 668 929 tractati
687 864 903 949 attingantur,
921 864 1017 929 facile
1036 868 1265 949 argumentum
1284 863 1390 928 inesse

242 995 347 1057 posse,
372 996 435 1056 quo
459 973 500 1036 ab
526 971 641 1037 Ovidio
666 971 740 1036 illas
764 993 893 1056 quoque
917 971 1074 1056 epistulas
1099 971 1300 1054 conscriptas
1320 991 1390 1034 esse

243 1080 463 1144 confirmetur.

333 1184 421 1262 Quae
446 1207 520 1249 cum
542 1186 590 1249 ita
614 1206 648 1249 se
671 1184 828 1268 habeant,
857 1207 910 1268 ea,
940 1207 1004 1268 qua
1027 1183 1255 1250 Lachmannus
1279 1183 1392 1267 voluit,

243 1293 368 1358 ratione
388 1291 613 1376 quaestionem
633 1291 716 1356 solvi
734 1313 801 1356 non
819 1314 915 1375 posse
934 1291 1073 1356 dilucide
1093 1295 1238 1375 apparet.
1276 1290 1391 1374 Itaque

245 1400 310 1465 alia
327 1399 448 1464 indicia
467 1398 650 1482 quaerenda
669 1402 755 1482 sunt,
774 1420 913 1482 quorum
933 1399 1090 1483 quaedam
1110 1398 1144 1462 in
1163 1398 1234 1481 ipso
1250 1397 1391 1463 carmine

247 1506 406 1570 Amorum
429 1505 463 1569 ΙΙ
485 1507 524 1571 18
549 1528 619 1571 sese
639 1506 787 1571 offerunt.
825 1505 912 1570 Nam
931 1505 959 1569 si
979 1504 1115 1569 Ovidius
1134 1528 1162 1569 v.
1181 1506 1220 1569 19
1241 1527 1310 1592 sqq.
1330 1505 1391 1568 ait:

380 1664 488 1745 ‘Quod
510 1665 586 1731 licet
599 1672 656 1731 unt
677 1672 758 1731 artes
782 1666 877 1730 bned
893 1666 1078 1749 profitentur
1100 1665 1229 1729 Amoris
1254 1701 1291 1710 -
1384 1677 1392 1689 ·

379 1775 408 1837 ec'
430 1773 509 1837 mibi
525 1775 698 1856 praeceptis
720 1793 829 1856 urpcor
851 1774 916 1855 ipsc
939 1773 1032 1837 meis!
1060 1809 1096 1820 -

378 1886 435 1945 act
455 1882 537 1963 quod
559 1880 724 1963 Penelopes
745 1880 843 1944 verbis
865 1880 1013 1944 reddatur
1041 1878 1132 1944 Ulixi
1261 1876 1264 1884 ’

377 1986 556 2051 scribimus'

245 2124 278 2207 et
302 2167 384 2228 quae
408 2144 559 2228 deinceps
585 2151 777 2232 sequuntur:
801 2169 839 2210 cx
862 2146 915 2210 his
934 2150 1024 2245 certo
1044 2145 1156 2232 colligi
1174 2150 1295 2229 potest,
1313 2151 1394 2230 tum,

246 2273 320 2316 cum
342 2251 405 2316 hoc
429 2273 560 2317 carmen
582 2257 750 2340 pangeret,
773 2253 853 2317 duas
877 2253 907 2318 ei
930 2256 1099 2336 praeterea
1121 2275 1172 2317 res
1192 2253 1233 2317 ad
1252 2256 1393 2317 tractan-

247 2359 324 2422 dum
356 2358 544 2443 propositas
577 2359 692 2445 fuisse,
728 2359 886 2425 Heroides
921 2363 954 2424 et
985 2364 1089 2425 artem
1122 2359 1259 2424 amandi.
1306 2359 1393 2423 Fieri

244 2469 355 2530 autem
381 2467 472 2530 nullo
501 2467 597 2530 modo
626 2470 750 2551 potest,
781 2470 818 2531 ut
846 2465 986 2550 Iosephc
1014 2465 1187 2530 Heuwesio
1215 2465 1312 2530 fidem
1338 2464 1394 2528 ha-

244 2571 387 2656 beamus,
411 2572 467 2654 qui
490 2572 511 2634 l.
530 2572 550 2634 l.
569 2593 643 2656 pag.
658 2574 699 2637 38
721 2571 875 2636 Ovidium
894 2595 932 2636 eo
956 2577 1103 2656 tempore
1123 2572 1157 2636 in
1175 2571 1393 2657 perpoliendis

246 2675 395 2755 epistulis
418 2679 585 2738 versatum
609 2698 678 2740 esse
698 2676 884 2760 legentibus
902 2679 1095 2761 persuadere
1116 2679 1233 2744 studet.
1273 2679 1346 2743 Hoc
1366 2679 1394 2744 si

248 2777 382 2844 Ovidius
419 2779 562 2844 indicare
599 2781 769 2865 voluisset,
806 2805 873 2846 non
909 2785 1103 2850 vocabulum
1134 2784 1327 2850 ‘scribimus'
1359 2785 1395 2849 in

246 2906 341 2949 versu
365 2886 422 2971 22,
454 2887 510 2950 sed
539 2887 637 2951 aliam
666 2889 829 2972 quandam
856 2884 969 2955 vocein
997 2895 1195 2974 usurpasset.
1242 2890 1305 2956 Sed
1331 2892 1394 2957 hoc

245 2991 375 3056 levioris
403 2994 561 3057 momenti
585 3000 644 3060 est.
690 2994 730 3060 In
759 2996 875 3062 ceteris
904 3018 980 3061 vero
1009 2997 1121 3082 rebus,
1149 3020 1228 3082 quas
1252 2998 1299 3064 ibi
1322 3021 1395 3082 pro-

244 3096 323 3183 fert,
346 3100 438 3164 valde
462 3099 635 3166 Heuwesio
665 3103 839 3168 adsentior.
885 3103 913 3167 E
944 3105 1016 3169 loco
1045 3104 1132 3169 enim
1154 3103 1265 3170 Amor.
1284 3104 1318 3167 Il
1346 3107 1395 3190 18,

245 3205 286 3268 27
307 3228 390 3291 sqq,
420 3207 477 3271 ubi
505 3207 642 3274 Ovidius
672 3214 797 3293 narrat,
831 3211 871 3274 ad
904 3233 958 3275 eas
990 3211 1160 3295 epistulae,
1188 3233 1268 3297 quas
1297 3212 1393 3276 modo

147 3390 149 3396 ἲ
245 3334 294 3375 vv.
315 3313 454 3377 21-26
483 3317 760 3399 commemoravit,
789 3314 946 3382 Sabinum
973 3322 1106 3402 poetam
1130 3325 1289 3401 responsa
1316 3319 1394 3383 ficta

245 3418 461 3503 rescripsisse,
484 3422 674 3486 concludere
697 3445 757 3488 nos
781 3428 885 3508 vetat,
907 3429 1039 3508 poetam
1062 3430 1134 3488 tum
1158 3447 1230 3490 curn
1254 3423 1394 3489 Amores

246 3524 365 3588 iterum
398 3527 507 3590 ederet
535 3531 567 3592 et
594 3528 712 3594 Artem
734 3529 800 3594 iarn
829 3531 1032 3595 conscribere
1061 3531 1235 3616 coepisset,
1261 3555 1327 3597 non
1360 3533 1394 3596 in

250 3630 444 3697 Heroidibus
476 3636 706 3717 componendis
739 3641 905 3701 versatum
936 3636 1054 3722 irrisae,
1086 3638 1142 3702 sed
1175 3661 1229 3704 eas
1261 3640 1327 3704 iam
1359 3639 1394 3702 in

248 3739 414 3821 publicum
438 3740 594 3805 emisisse.
632 3741 718 3806 Nam
735 3741 892 3808 Sabinum
916 3743 1058 3808 amicum
1077 3740 1133 3830 (cf.
1148 3746 1220 3810 Am.
1235 3745 1269 3811 II
1286 3749 1336 3831 18,
1351 3747 1391 3811 27

246 3850 279 3907 et
308 3868 346 3909 ex
374 3844 606 3932 Pont.IV16,
628 3846 683 3935 13)
712 3871 786 3914 cum
804 3849 977 3914 ‘cotidiano
1005 3873 1067 3915 usu
1095 3873 1132 3917 ac
1161 3853 1392 3917 consuetudine

248 3949 343 4015 Ovidi
367 3956 527 4037 uteretur,
554 3953 709 4050 facillime
734 3957 816 4021 scire
840 3957 986 4040 potuisse
1009 3980 1076 4022 non
1098 3959 1196 4024 modo
1220 3981 1301 4043 quae
1326 3983 1393 4026 car·

246 4057 335 4122 mina
354 4057 490 4122 Ovidius
510 4062 606 4125 modo
626 4061 829 4148 confecisset,
849 4065 904 4130 sed
924 4065 1023 4128 etiam
1046 4087 1127 4149 quae
1146 4065 1294 4149 proximo
1313 4072 1392 4132 tem-

246 4187 325 4246 pore
350 4164 556 4230 confecturus
581 4172 681 4253 esset,
704 4168 815 4253 itaque
839 4169 910 4234 fieri
933 4171 1089 4254 potuisse,
1112 4175 1151 4236 ut
1174 4172 1240 4236 iam
1263 4196 1393 4258 respon·

245 4293 317 4336 sum
337 4271 473 4337 alicuius
491 4271 661 4337 heroidum
681 4276 839 4364 epistulae
859 4275 1026 4340 ovidianae
1045 4278 1276 4364 rescripsisset,
1289 4281 1392 4365 prius-

246 4397 343 4459 quam
367 4377 502 4442 Ovidius
526 4378 595 4462 ipse
618 4401 690 4444 eam
714 4382 876 4447 edidisset.
