3326 4930
762 308 984 373 ..64....

302 471 365 536 hoc
389 470 473 555 apud
496 469 675 535 Homerum
697 491 764 533 non
786 467 963 552 invenitur,
991 467 1047 531 sed
1074 466 1164 530 nullo
1193 466 1257 530 alio
1282 466 1378 532 modo
1402 465 1448 530 in-

303 577 415 662 tellegi
438 581 562 662 potest,
590 577 646 660 qui
668 576 793 640 factum
817 575 873 659 sit,
901 578 939 638 ut
961 573 1046 638 Icari
1070 573 1248 638 auctoritas
1271 572 1305 636 in
1328 572 1390 642 hac
1413 593 1448 634 10

303 688 372 749 tam
399 706 515 768 parum
543 682 690 748 valuerit.

393 790 522 873 Restat,
545 794 583 854 ut
606 789 794 854 discrimina
816 788 852 852 in
876 788 1032 852 iudicium
1056 808 1221 870 vocemus,
1245 807 1326 869 quae
1350 784 1448 848 inter-

304 901 380 962 sunt
403 898 489 962 inter
511 897 651 980 primam
669 895 834 961 heroidem
854 899 887 959 et
906 893 1042 959 Homeri
1061 893 1218 976 carmina3
1241 914 1323 976 quae
1343 890 1447 955 multo

302 1004 412 1087 plures
436 1008 513 1069 sunt
537 1025 635 1087 quam
657 1003 692 1066 in
720 1001 819 1066 tertia
842 1000 990 1086 epistula.
1037 999 1316 1064 Praemonendum
1339 1001 1448 1062 autem

269 1139 273 1146 ·
303 1114 354 1174 est
373 1110 411 1174 de
429 1109 577 1174 versibus
599 1109 648 1174 15.
668 1109 720 1174 37.
740 1109 791 1174 63.
811 1109 862 1174 80.
882 1109 934 1172 91.
955 1107 1019 1171 100
1037 1106 1103 1170 iam
1117 1104 1287 1170 Loersium
1310 1105 1345 1168 in
1364 1127 1448 1169 com-

303 1216 463 1281 mentario
488 1238 546 1280 suo
571 1217 610 1280 ad
633 1238 762 1280 versum
783 1216 825 1281 63
850 1210 997 1299 0110001)
1028 1212 1176 1290 Quocum
1196 1212 1234 1276 de
1253 1233 1291 1276 00
1315 1211 1448 1275 minime

303 1323 480 1406 consenti0,
499 1323 585 1406 quod
608 1323 643 1386 in
661 1344 756 1387 versu
775 1323 816 1387 81
841 1321 937 1386 modo
961 1323 1103 1384 tractato
1125 1319 1166 1382 ab
1187 1318 1321 1382 Homeri
1341 1321 1449 1382 aucto-

302 1429 401 1493 ritate
430 1433 562 1513 poetam
589 1429 684 1512 plane
714 1428 901 1515 discessisse
932 1426 1108 1492 contendit.
1154 1425 1193 1489 In
1223 1425 1339 1490 ceteris
1372 1447 1447 1491 vero

305 1536 401 1600 rebus
430 1558 504 1600 cum
532 1536 728 1601 sententiam
757 1535 825 1599 cius
856 1535 997 1599 libenter
1026 1532 1197 1616 accipiam,
1226 1531 1374 1596 sufficere
1403 1553 1450 1595 ar·

306 1643 425 1726 bitror,
455 1642 598 1728 singula,
629 1665 710 1727 quae
740 1642 796 1707 ille
829 1645 916 1706 recte
949 1638 1191 1723 animadvertit,
1223 1638 1276 1702 hic
1308 1639 1451 1702 breviter

305 1752 446 1812 enotare.
481 1785 486 1794 ·

393 1855 434 1920 V.
455 1856 496 1920 15
520 1855 716 1920 Antilochus
746 1856 787 1919 ab
811 1854 952 1919 Hectore
975 1854 1081 1918 victus
1105 1873 1175 1916 esse
1199 1851 1332 1934 dicitur,
1355 1872 1451 1934 quem

304 1961 467 2025 Homerus
494 1966 511 2025 δ
537 1963 599 2027 187
629 1965 663 2024 01
690 1960 851 2025 Pindarus
874 1959 971 2045 Pyth.
995 1958 1044 2023 VI
1068 1960 1109 2024 28
1135 1979 1204 2042 sqq.
1233 1979 1252 2021 a
1279 1957 1450 2021 Memnone

308 2067 455 2132 Aurorae
478 2067 547 2132 filio
571 2072 722 2132 necatum
746 2090 816 2132 esse
840 2067 981 2134 tradunt.

393 2173 454 2239 Vv.
474 2175 515 2239 37
543 2179 577 2239 01
604 2176 647 2240 63
674 2174 903 2239 Telemachum
932 2196 951 2237 a
978 2171 1139 2256 Penelope
1168 2172 1240 2254 ipsa
1267 2170 1384 2255 Pylum
1414 2173 1452 2256 ut

305 2285 433 2364 patrem
453 2286 635 2366 quaereret,
659 2281 796 2346 missum
815 2303 885 2346 esse
901 2279 1036 2345 Ovidius
1051 2281 1178 2362 narrat,
1202 2300 1274 2342 cum
1290 2277 1451 2342 Homerus

304 2387 339 2450 in
363 2388 465 2452 011010
485 2387 649 2472 Odysseae
671 2389 757 2454 libro
781 2409 854 2452 eum
878 2387 981 2452 inscia
1004 2389 1107 2450 matre
1126 2383 1245 2468 Pylum
1267 2384 1450 2470 profectum

307 2516 376 2559 esse
400 2495 529 2559 referat.

391 2599 430 2664 V.
450 2602 491 2665 91
513 2600 632 2665 Medon
655 2601 744 2666 dirus
768 2601 803 2665 in
821 2623 994 2685 procorum
1012 2620 1147 2665 numero
1167 2599 1453 2679 commemoratur,

308 2729 404 2791 quem
428 2709 513 2791 apud
533 2707 712 2773 Homerum
735 2713 753 2772 δ
774 2709 848 2793 677,
870 2709 989 2792 1252,
1012 2730 1030 2787 ρ
1052 2709 1115 2772 123
1139 2727 1158 2786 χ
1182 2705 1257 2790 357,
1279 2725 1452 2789 procorum

305 2837 499 2898 praeconem
522 2814 622 2880 fuisse
646 2820 680 2879 01
703 2837 781 2902 erga
801 2813 1302 2900 Penelopen.Telemachumque
1326 2831 1470 2875 comem-

306 2944 340 2986 se
365 2943 492 3005 semper
516 2925 614 3004 atque
637 2923 831 2986 benevolum
849 2921 1054 3007 praestitisse
1077 2921 1227 3005 legimus.

395 3027 518 3092 Versus
537 3029 579 3091 99
595 3049 665 3112 sqq.
683 3051 749 3093 non
768 3029 964 3093 conveniunt
983 3051 1056 3093 cum
1076 3027 1234 3108 Homero,
1258 3024 1314 3108 qui
1335 3043 1451 3108 procos

305 3134 498 3198 Telemacho
523 3135 699 3199 revertenti
725 3156 792 3199 non
815 3135 877 3198 iter
899 3134 1109 3220 ingredienti,
1136 3138 1173 3198 ut
1198 3131 1334 3197 Ovidius
1362 3129 1452 3212 dicit,

305 3240 440 3305 insidias
465 3239 624 3304 struxisse
647 3240 760 3325 fingat.
1393 3297 1406 3304 -

392 3347 442 3410 Ad
465 3346 539 3410 illas
563 3346 763 3413 differentias
787 3369 807 3410 a
829 3346 964 3412 Loersio
989 3348 1174 3412 enucleatas
1200 3345 1356 3411 accedunt
1377 3343 1452 3406 hae:

393 3452 500 3529 Versu
523 3454 567 3518 43
591 3451 753 3537 Penelope
776 3453 907 3519 Ulixem
932 3453 979 3517 ait
1003 3475 1118 3518 ausum
1142 3466 1227 3518 esse:

439 3559 549 3642 ‘totquc
570 3561 665 3625 simul
687 3566 822 3625 mactare
844 3561 926 3626 ciros
948 3561 1075 3625 adiutus
1098 3561 1137 3626 ab
1159 3559 1233 3624 uao'

307 3726 381 3768 cum
404 3702 565 3767 Homerus
595 3703 705 3768 Κ188
733 3701 926 3767 Diomedem
953 3701 1050 3767 Ulixe
1081 3702 1254 3767 adiuvante
1284 3697 1452 3763 duodecim

306 3809 447 3875 Thraces
471 3831 603 3874 necasse
627 3813 776 3874 testetur.

396 3917 553 3982 Versibus
577 3919 696 4001 87011,
723 3917 780 3981 ubi
803 3917 895 4001 proci
923 3918 1165 3998 enumerantur,
1193 3913 1310 3978 desunt
1332 3913 1370 3996 ii,
1398 3911 1453 3994 qui

307 4025 439 4090 Ithacae
458 4024 662 4088 habitabant.
701 4023 764 4099 qui
783 4045 856 4088 cum
879 4044 1014 4086 numero
1039 4021 1212 4086 admodum
1231 4019 1326 4104 pauci
1345 4022 1453 4084 essent

307 4154 443 4216 cumque
472 4135 490 4196 λ
515 4132 579 4195 122
595 4151 664 4214 sqq.
692 4130 809 4193 ultimo
837 4129 910 4193 loco
939 4131 1150 4213 ponerentur,
1178 4127 1328 4192 Ovidium
1358 4124 1452 4189 facile

307 4238 447 4324 effligere
475 4241 660 4320 potuerunt.
708 4234 866 4301 Similiter
893 4235 928 4299 in
955 4234 1054 4299 tertia
1082 4234 1223 4318 epistula
1251 4234 1452 4298 decurtatam

320 4431 326 4441 “
397 4433 423 4500 1)
443 4431 645 4498 comparentur
663 4429 750 4484 etiam
768 4427 914 4496 1110111100
934 4427 1053 4482 lurenka
1071 4427 1090 4481 l.
1105 4427 1123 4483 l.
1142 4445 1169 4495 p.
1185 4433 1217 4480 31
1229 4444 1269 4494 sq.
1288 4424 1414 4494 protulit.
