3346 4934
762 274 978 338 -46-

383 432 415 497 V
438 434 551 498 43-5
579 458 586 498 :

431 540 528 622 ‘flesti
550 435 704 606 discederes
726 578 770 587 —
793 542 848 606 lroc
869 543 976 607 sallim
992 563 1087 625 parce
1109 563 1227 624 ueparc.

427 760 456 818 el
477 755 558 836 flesti
579 761 608 819 el
628 760 747 820 uosiros
770 757 875 820 vidisti
897 751 1000 836 siculis
1022 755 1145 820 ocellos:

427 862 607 926 miscuimus
630 863 777 927 lacrimas
799 866 933 927 maestus
956 867 1080 943 uterquc
1101 881 1185 927 suas.

427 989 490 1032 uou
512 968 556 1032 sic
578 968 727 1049 adpositis
749 969 882 1032 aiucilur
904 969 1016 1034 vilibus
1038 969 1155 1053 ulmus,

427 1079 462 1139 ul
485 1079 539 1139 lua
561 1079 634 1139 suut
656 1076 731 1140 collo
754 1075 896 1140 bracchia
919 1095 1000 1140 meaa
1023 1096 1096 1140 mea.

425 1287 529 1351 oscula
552 1289 696 1352 dimissae
718 1290 856 1370 quotieas
877 1290 1006 1370 repedita
1028 1290 1139 1354 dedisti

426 1415 520 1475 quam
542 1395 596 1459 oia
618 1395 767 1459 susliuuil
788 1396 885 1460 dicere
909 1397 1017 1478 liupua
1041 1393 1175 1461 “aab''.'

381 1517 429 1583 VI
452 1517 597 1584 57-64:

425 1624 531 1691 ‘teriia
553 1627 659 1692 messis
681 1633 760 1710 erui,
783 1648 852 1691 urm
875 1631 909 1691 tu
931 1629 1006 1692 dare
1028 1627 1095 1692 vela
1117 1631 1237 1692 coactus

424 1734 558 1815 implesti
581 1733 719 1798 lacrimis
743 1734 820 1797 talia
842 1734 932 1798 cata
956 1735 1034 1799 luis:

425 1838 623 1917 “abstrudam
648 1839 826 1924 Hypsipyle.
872 1841 925 1904 scd
946 1842 1019 1905 deul
1040 1842 1130 1905 modo
1152 1840 1223 1919 fala
1245 1859 1399 1916 recursus,

425 1946 475 2009 cir
498 1951 569 2010 laus
590 1945 663 2011 liuc
685 1947 772 2030 uteo,
795 1948 844 2010 cir
867 1947 923 2011 titi
943 1965 1060 2029 semper
1083 1946 1165 2011 ero.’'

412 2149 464 2204 '-
487 2164 516 2223 et
538 2160 676 2225 lacrimis
699 2161 734 2224 iu
755 2161 840 2240 falsa
862 2160 1037 2225 cadentibus
1060 2181 1117 2225 ora

424 2271 521 2329 celcra
543 2271 570 2330 lc
591 2267 719 2331 memiui
741 2285 803 2332 uou
816 2268 953 2349 poluisse
977 2265 1079 2348 loqui!

378 2387 457 2454 XIII
483 2391 605 2455 7-14:

421 2495 551 2561 ‘Oscula
568 2498 666 2580 plura
689 2499 755 2563 ciro
778 2500 987 2580 mandataque
1004 2499 1102 2580 plura
1125 2499 1284 2563 dedissem:

422 2607 544 2668 etsuul
564 2625 642 2686 quac
663 2605 747 2670 uolui
769 2606 866 2669 dicere
889 2606 987 2670 mulla
1011 2605 1073 2670 libi.

420 2818 520 2881 salvor
543 2819 582 2882 at
604 2820 761 2900 ampleau,
786 2818 969 2903 Protesilai,
992 2825 1058 2903 luo,

421 2924 586 3008 liupuaque
608 2927 789 2991 maudaulis
811 2927 901 2991 acrba
923 2927 1100 3009 imperfecta
1122 2927 1285 3008 relinquit:

421 3032 474 3096 oia
497 3032 578 3097 illud
593 3034 684 3115 polui
706 3034 803 3097 dicere
826 3034 910 3097 irisle
933 3031 1067 3098 “aab''.'

376 3155 459 3219 Prae
492 3156 566 3220 aliis
599 3160 708 3221 autem
740 3157 764 3220 ii
796 3156 860 3221 loci
888 3157 1198 3222 commemoratione
1226 3155 1317 3243 digni
1347 3162 1432 3235 sunt,

288 3263 405 3346 quibus
429 3262 557 3346 puellae
580 3263 677 3327 iidem
706 3284 784 3348 erga
807 3254 978 3327 dominum¹
1002 3286 1036 3328 se
1061 3286 1189 3347 semper
1212 3287 1357 3329 servasse
1381 3265 1430 3329 vel

288 3391 416 3452 semper
440 3373 623 3434 servaturas
647 3392 718 3434 esse
740 3370 859 3434 iurant.
906 3368 956 3434 Of.
979 3370 994 3434 I
1018 3371 1060 3434 83
1081 3393 1142 3454 sq.:

420 3491 490 3558 ‘lua
512 3513 594 3575 sum,
617 3499 672 3559 tua
695 3497 782 3560 dicar
804 3500 925 3579 oportet.

419 3600 568 3681 Penelope
590 3602 726 3668 eouiuua
748 3622 865 3685 semper
894 3602 998 3667 Uliais
1021 3599 1092 3666 ero?

287 3718 499 3726 ——-.-.-—-

282 3776 385 3844 pectes’
412 3774 507 3829 littora
530 3775 675 3844 duplicata
698 3777 728 3830 et
751 3794 813 3830 oum
836 3776 1021 3831 antecedente
1042 3776 1114 3843 ‘sac’
1141 3777 1289 3833 coniuncta
1312 3777 1429 3833 formum

287 3864 367 3930 ‘saec’
388 3865 484 3918 natam
504 3880 565 3918 esse
588 3881 751 3933 persuasum
775 3866 902 3920 habeam.
941 3865 1051 3919 Addam
1075 3865 1207 3920 Nouium:
1234 3866 1431 3922 Formenlehre

285 3952 324 4006 11²
349 3971 375 4022 p.
391 3957 443 4007 849
471 3954 547 4007 recte
571 3952 723 4022 monuisse,
752 3954 848 4009 multis
878 3955 947 4008 locis
973 3953 1058 4008 scribi
1080 3954 1225 4008 vocalibus
1249 3955 1430 4023 sequentibus

286 4041 369 4108 ‘dica
387 4042 467 4109 dcccc,
487 4043 603 4109 abduce,
631 4044 814 4110 circumduce,
841 4044 969 4110 redduco,
997 4044 1122 4109 traduce,
1151 4044 1225 4107 lace’
1252 4044 1300 4098 ubi
1324 4044 1432 4099 formae

284 4129 465 4185 abbreviatae
488 4149 542 4186 non
566 4132 649 4186 modo
673 4131 757 4186 facile
780 4131 891 4200 possint
915 4131 1057 4200 substitui,
1077 4133 1275 4187 verumetiam
1296 4149 1430 4202 persaepe

285 4218 454 4288 optimorum
478 4215 605 4274 codiobm
629 4220 683 4274 fide
707 4221 942 4276 commendantur.
981 4221 1012 4274 In
1031 4238 1114 4289 quem
1133 4238 1278 4276 numerum
1297 4223 1343 4277 hic
1362 4239 1429 4290 quo-

284 4325 338 4377 que
358 4308 436 4362 locus
454 4307 616 4364 referendus
631 4310 675 4362 est
692 4325 782 4376 neque
797 4309 903 4376 dubito,
920 4309 986 4378 quin
1004 4310 1034 4364 in
1054 4310 1172 4364 eundem
1192 4325 1337 4364 nnmerum
1357 4312 1427 4365 rele-

284 4397 386 4452 rendus
404 4398 442 4452 sit
460 4414 557 4452 versus
576 4398 625 4452 ille
644 4395 837 4452 Medicaminis
857 4397 949 4453 faciei.
