3346 4934
731 301 947 363 ..14..

135 451 137 456 ⁵
268 463 391 528 editum
409 461 510 528 fuisse
529 463 657 526 constet
674 497 713 506 -
735 461 821 544 quod
841 483 880 525 ex
897 461 965 524 Art.
985 483 1046 525 am.
1066 459 1117 526 ΙΙΙ
1137 461 1201 538 345
1221 461 1413 526 concluden-

267 569 344 634 dum
374 569 418 632 sit
444 605 481 615 -
508 568 650 652 reliquas
681 567 838 651 epistulas
865 567 996 632 nonnisi
1026 567 1219 634 brevissimo
1247 568 1304 633 illo
1333 571 1413 632 tem-

266 676 355 758 poris
385 675 507 760 spatio,
537 675 623 759 quod
651 674 750 738 fuerit
778 675 863 738 inter
892 675 1030 739 alteram
1054 674 1213 740 Amorum
1237 674 1412 739 editionem

270 786 303 845 et
334 781 438 846 editos
471 804 555 846 anno
586 781 632 846 ab.
656 781 736 846 urbe
768 781 898 846 condita
925 783 1118 847 varroniano
1149 780 1299 848 DOOLII
1332 781 1412 845 artis

270 889 448 953 amatoriae
467 889 570 952 libros
589 888 806 972 interiectum,
825 889 866 952 ab
886 887 1001 954 Ovidio
1021 889 1120 954 scribi
1134 889 1287 973 potuisse
1305 892 1413 972 putet,

266 1017 370 1078 neque
390 995 475 1060 enim
494 995 670 1060 verisimile
690 1017 761 1061 esse
780 1018 854 1060 eum
872 996 913 1060 ad
927 997 989 1060 hoc
1004 1017 1106 1082 genus
1121 1018 1265 1079 unquam
1282 996 1412 1076 redisse,

266 1103 321 1186 qui
349 1103 446 1186 paulo
474 1105 551 1185 post
578 1124 665 1166 nono
690 1104 996 1187 metamorphoseon
1019 1103 1104 1168 libro
1130 1100 1193 1189 (vv.
1213 1101 1412 1190 529-569)

264 1208 423 1293 Byblidos
438 1208 612 1292 epistulam
626 1210 774 1275 versibus
788 1210 928 1276 heroicis
944 1211 1099 1294 scriptam
1113 1211 1295 1294 inseruerit,
1307 1233 1411 1294 neque

264 1315 299 1378 in
326 1315 525 1380 carminibus
553 1317 587 1380 in
610 1316 717 1382 Ponto
742 1317 873 1402 scriptis
896 1318 997 1381 ullam
1021 1339 1160 1401 usquam
1183 1317 1315 1382 illorum
1338 1341 1412 1401 poe·

267 1427 394 1486 matum
413 1423 613 1487 mentionem
631 1423 788 1489 iniecerit,
825 1423 920 1490 Hanc
939 1425 1256 1510 argumentationem
1274 1447 1340 1489 non
1359 1448 1411 1489 ne-

263 1529 343 1593 mini
371 1529 458 1594 haud
488 1529 568 1594 satis
595 1531 800 1614 probabilem
823 1531 925 1596 videri
949 1530 1099 1595 arbitror.
1141 1529 1228 1595 Nam
1252 1531 1338 1614 quod
1361 1531 1411 1594 vir

263 1635 319 1699 ille
343 1635 457 1700 doctus
484 1659 523 1700 ex
546 1637 627 1701 artis
643 1638 830 1702 'amatoriae
854 1637 927 1702 loeo
948 1635 1011 1724 (ΙΙΙ
1031 1634 1111 1724 345)
1130 1659 1242 1702 omnes
1261 1636 1411 1702 heroides
1495 1725 1500 1732 Ἴ

263 1743 328 1806 iam
353 1747 424 1807 tum
448 1743 552 1808 editas
575 1744 676 1808 fuisse
701 1745 848 1828 coniecit,
866 1744 957 1808 nullo
981 1745 1077 1809 modo
1098 1745 1128 1808 ei
1147 1745 1320 1811 concedere
1339 1765 1411 1827 pos-

263 1871 382 1914 sumus.
428 1849 477 1915 Ac
511 1851 539 1915 si
566 1850 661 1915 illum
688 1852 797 1916 locum
825 1851 1001 1936 diligenter
1029 1852 1300 1935 contemplamur,
1326 1850 1409 1914 nihil

262 1956 350 2021 aliud
383 1980 421 2021 ex
455 1977 492 2020 co
522 1957 670 2021 concludi
698 1979 794 2041 posse
824 1957 983 2041 videmus,
1016 1979 1115 2040 quam
1144 1957 1318 2022 nonnullas
1347 1956 1410 2040 epi-

262 2064 381 2148 stulas,
413 2068 485 2127 tum
518 2087 591 2130 cum
625 2068 729 2138 artem
766 2065 895 2129 amandi
928 2065 1049 2148 ederet,
1083 2064 1267 2150 divulgatae
1299 2063 1408 2127 fuisse.
1541 2085 1547 2100 ⁸

262 2167 384 2234 Suadet
412 2170 498 2235 enim
522 2171 569 2234 ibi
592 2172 734 2256 puellae,
762 2176 800 2236 ut
828 2171 972 2237 carmina
1000 2172 1040 2235 ad
1069 2173 1265 2236 cantandum
1293 2171 1409 2234 idonea
1486 2179 1487 2186 ’

263 2275 327 2339 sibi
350 2277 474 2362 deligat
497 2277 532 2341 in
554 2277 670 2361 hisque
695 2278 745 2342 sui
769 2278 872 2362 ipsius
895 2282 1049 2362 poemata
1073 2278 1290 2342 commendat:

394 2436 493 2502 ‘Deve
516 2439 614 2504 tribas
637 2439 737 2516 libris,
761 2437 869 2502 titulus
891 2459 965 2521 paros
987 2440 1091 2521 sipara
1112 2437 1279 2522 Auroram,

394 2533 468 2627 elipe
490 2546 572 2626 qaod
592 2545 684 2609 duali
706 2545 839 2608 molliter
861 2565 912 2609 ore
936 2535 1055 2628 epus:

392 2651 438 2714 uel
461 2650 517 2715 tibi
539 2651 704 2734 composita
727 2655 867 2716 cantetur
890 2651 1035 2734 Epistola
1056 2651 1144 2716 uoca'

348 2809 505 2875 Videmus
533 2809 637 2896 igitur
663 2812 720 2876 illa
748 2813 848 2877 verba
876 2812 915 2876 de
938 2834 1003 2876 una
1027 2812 1137 2896 aliqua
1160 2812 1315 2895 epistula,
1341 2833 1407 2875 non

259 2917 297 2980 de
326 2921 416 2982 certo
440 2918 656 3002 epistularum
683 2941 818 2984 numero
843 2919 914 2984 dici.
962 2919 1056 2995 Quod
1079 2940 1155 2982 vero
1180 2916 1407 2983 Lachmannus

260 3045 324 3088 non
347 3025 524 3089 verisimile
545 3048 615 3091 esse
635 3025 811 3110 contendit,
831 3025 983 3090 Ovidium
1003 3025 1124 3090 adhoc
1143 3046 1244 3111 genus
1263 3047 1407 3108 unquam

259 3130 395 3214 redisse,
425 3132 480 3215 qui
504 3132 614 3215 paullo
638 3136 715 3216 post
737 3154 824 3197 nono
848 3133 1155 3217 metamorphoseon
1178 3132 1263 3196 libro
1287 3132 1407 3216 epistu—
1493 3193 1495 3200 Α

260 3237 326 3299 lam
341 3238 488 3326 versibus
507 3236 648 3302 heroicis
669 3239 826 3322 scriptam
840 3239 1015 3304 inseruerit
1033 3262 1137 3323 neque
1157 3239 1192 3303 in
1207 3239 1405 3304 carminibus

257 3344 292 3407 in
315 3343 421 3409 Ponto
452 3344 583 3427 scriptis
607 3349 664 3409 aut
687 3345 866 3410 emendatis
890 3347 992 3411 ullam
1016 3368 1154 3429 usquam
1177 3346 1309 3410 illorum
1333 3368 1410 3430 poe*

259 3454 384 3514 matum
407 3451 607 3516 mentionem
631 3453 788 3538 iniecerit,
810 3453 873 3518 hoc
896 3454 962 3518 iam
981 3452 1184 3517 Wolframus
1204 3453 1353 3538 Zingerle
1372 3453 1407 3516 in

260 3558 533 3622 commentatione
558 3557 735 3642 Oeniponti
764 3561 851 3625 edita
874 3583 958 3625 anno
986 3560 1084 3642 1878,
1112 3582 1194 3644 quac
1217 3558 1407 3624 inscribitur

260 3662 638 3748 ‘Ualersacbaapeaaar
665 3667 909 3750 Ecbtbeitrsrupe
936 3669 990 3732 der
1012 3666 1169 3732 Heroidea
1198 3663 1306 3730 Ovids'
1335 3666 1406 3747 p.2

259 3772 328 3836 iure
348 3771 516 3836 refutavit:
539 3771 689 3855 Byblidis
709 3773 850 3857 epistula
869 3773 1177 3856 metamorphoseon
1195 3771 1289 3836 libris
1309 3773 1406 3836 inter-

258 3879 367 3962 posita
391 3879 495 3943 multo
520 3879 625 3964 magis
650 3881 690 3944 ad
713 3903 785 3944 eam
809 3880 1005 3945 sententiam
1027 3902 1087 3943 nos
1107 3878 1220 3943 deduci
1239 3900 1335 3962 posse
1354 3878 1406 3941 de·

258 3990 458 4088 monstrans,
488 3990 526 4050 ut
555 3985 707 4051 Ovidium
735 3992 820 4071 tum,
848 4009 922 4051 cum
949 4008 1071 4051 nonum
1099 3985 1406 4069 metamorphoseon

259 4092 380 4157 librum
408 4093 578 4178 scriberet,
606 4093 705 4157 etiam
733 4093 767 4157 in
794 4093 964 4158 heroidum
989 4096 1181 4176 argumento
1211 4095 1404 4175 occupatum

258 4199 361 4263 trisse
385 4203 427 4283 et,
451 4200 527 4282 quia
547 4221 599 4263 res
621 4198 670 4263 ita
689 4198 821 4285 ferrent,
839 4200 874 4264 in
893 4200 950 4264 illo
971 4221 1097 4283 quoque
1117 4203 1265 4284 poemate
1285 4198 1411 4263 alicubi.

258 4306 433 4389 epistulam
452 4306 600 4370 iniecisse
620 4307 824 4372 arbitremur.
857 4306 1029 4372 Praeterea
1047 4329 1114 4372 non
1132 4328 1202 4370 esse
1221 4305 1405 4369 mirandum

258 4413 292 4476 in
319 4412 512 4496 posterioris
541 4413 658 4476 aetatis
687 4413 885 4479 carminibus
912 4415 1037 4479 nullam
1061 4413 1240 4477 Heroidum
1268 4413 1404 4476 mentio-
