<?xml version="1.0" encoding="UTF-8"?>
<!DOCTYPE html PUBLIC "-//W3C//DTD XHTML 1.0 Transitional//EN"
    "http://www.w3.org/TR/xhtml1/DTD/xhtml1-transitional.dtd">
<html xmlns="http://www.w3.org/1999/xhtml" xml:lang="en" lang="en">
 <head>
  <title>
</title>
<meta http-equiv="Content-Type" content="text/html;charset=utf-8" />
  <meta name='ocr-system' content='tesseract 3.04.00' />
  <meta name='ocr-capabilities' content='ocr_page ocr_carea ocr_par ocr_line ocrx_word'/>
</head>
<body>
  <div class='ocr_page' id='page_1' title='image "./quaestionumadhe00tolkgoog_0050.png"; bbox 0 0 3346 4934; ppageno 0'>
   <div class='ocr_carea' id='block_1_1' title="bbox 695 313 916 377">
    <p class='ocr_par' dir='ltr' id='par_1_1' title="bbox 695 313 916 377">
     <span class='ocr_line' id='line_1_1' title="bbox 695 313 916 377; baseline -0.005 -19"><span class='ocrx_word' id='word_1_1' title='bbox 695 313 916 377; x_wconf 68' lang='lat'><strong>,41.-</strong></span> 
     </span>
    </p>
   </div>
   <div class='ocr_carea' id='block_1_2' title="bbox 321 472 918 662">
    <p class='ocr_par' dir='ltr' id='par_1_2' title="bbox 321 472 918 662">
     <span class='ocr_line' id='line_1_2' title="bbox 321 472 567 537; baseline -0.004 0"><span class='ocrx_word' id='word_1_2' title='bbox 321 472 402 537; x_wconf 87' lang='lat' dir='ltr'>XIII</span> <span class='ocrx_word' id='word_1_3' title='bbox 422 472 567 537; x_wconf 82' lang='lat'>63-84:</span> 
     </span>
     <span class='ocr_line' id='line_1_3' title="bbox 366 579 918 662; baseline 0 -18"><span class='ocrx_word' id='word_1_4' title='bbox 366 579 519 644; x_wconf 72' lang='lat' dir='ltr'><em>‘Hectora</em></span> <span class='ocrx_word' id='word_1_5' title='bbox 540 581 640 650; x_wconf 78' lang='lat' dir='ltr'><em>neseio</em></span> <span class='ocrx_word' id='word_1_6' title='bbox 662 601 751 662; x_wconf 78' lang='lat' dir='ltr'><em>quem</em></span> <span class='ocrx_word' id='word_1_7' title='bbox 773 581 862 645; x_wconf 89' lang='lat' dir='ltr'><em>timeo</em></span> <span class='ocrx_word' id='word_1_8' title='bbox 877 633 884 645; x_wconf 92' lang='lat'><strong>.</strong></span> <span class='ocrx_word' id='word_1_9' title='bbox 899 580 918 645; x_wconf 89' lang='lat'><em>.&#39;</em></span> 
     </span>
    </p>
   </div>
   <div class='ocr_carea' id='block_1_3' title="bbox 233 706 760 792">
    <p class='ocr_par' dir='ltr' id='par_1_3' title="bbox 233 706 760 792">
     <span class='ocr_line' id='line_1_4' title="bbox 233 706 760 792; baseline -0.002 -21"><span class='ocrx_word' id='word_1_10' title='bbox 233 710 266 771; x_wconf 83' lang='lat' dir='ltr'><em>ei</em></span> <span class='ocrx_word' id='word_1_11' title='bbox 289 728 371 792; x_wconf 83' lang='lat' dir='ltr'><em>quaa</em></span> <span class='ocrx_word' id='word_1_12' title='bbox 395 706 546 789; x_wconf 78' lang='lat' dir='ltr'>deinceps</span> <span class='ocrx_word' id='word_1_13' title='bbox 570 708 760 790; x_wconf 84' lang='lat' dir='ltr'><em>sequuntur.</em></span> 
     </span>
    </p>
   </div>
   <div class='ocr_carea' id='block_1_4' title="bbox 322 832 1266 1127">
    <p class='ocr_par' dir='ltr' id='par_1_4' title="bbox 322 832 1266 1127">
     <span class='ocr_line' id='line_1_5' title="bbox 322 832 1266 1021; baseline -0.001 -18"><span class='ocrx_word' id='word_1_14' title='bbox 322 832 526 1004; x_wconf 60' lang='lat' dir='ltr'><em>l2‘3seitqeum</em></span> <span class='ocrx_word' id='word_1_15' title='bbox 550 937 646 1002; x_wconf 76' lang='lat' dir='ltr'><em>Troia</em></span> <span class='ocrx_word' id='word_1_16' title='bbox 668 938 761 1021; x_wconf 84' lang='lat' dir='ltr'><em>subit,</em></span> <span class='ocrx_word' id='word_1_17' title='bbox 784 937 913 1002; x_wconf 82' lang='lat' dir='ltr'><em>subeunt</em></span> <span class='ocrx_word' id='word_1_18' title='bbox 933 938 1072 1018; x_wconf 81' lang='lat' dir='ltr'><em>uentique</em></span> <span class='ocrx_word' id='word_1_19' title='bbox 1092 937 1266 1019; x_wconf 75' lang='lat' dir='ltr'><em>fretumque</em></span> 
     </span>
     <span class='ocr_line' id='line_1_6' title="bbox 365 1041 1042 1127; baseline -0.001 -19"><span class='ocrx_word' id='word_1_20' title='bbox 365 1065 433 1127; x_wconf 80' lang='lat' dir='ltr'><em>spes</em></span> <span class='ocrx_word' id='word_1_21' title='bbox 455 1045 534 1110; x_wconf 86' lang='lat' dir='ltr'><em>bona</em></span> <span class='ocrx_word' id='word_1_22' title='bbox 555 1044 684 1110; x_wconf 81' lang='lat' dir='ltr'><em>sollicito</em></span> <span class='ocrx_word' id='word_1_23' title='bbox 707 1046 787 1110; x_wconf 84' lang='lat' dir='ltr'><em>vieta</em></span> <span class='ocrx_word' id='word_1_24' title='bbox 810 1045 917 1108; x_wconf 88' lang='lat' dir='ltr'><em>timore</em></span> <span class='ocrx_word' id='word_1_25' title='bbox 938 1041 1042 1108; x_wconf 69' lang='lat' dir='ltr'><em>eadit?</em></span> 
     </span>
    </p>
   </div>
   <div class='ocr_carea' id='block_1_5' title="bbox 325 1171 1210 1467">
    <p class='ocr_par' dir='ltr' id='par_1_5' title="bbox 325 1171 1210 1467">
     <span class='ocr_line' id='line_1_7' title="bbox 325 1171 471 1235; baseline -0.007 -1"><span class='ocrx_word' id='word_1_26' title='bbox 325 1171 388 1234; x_wconf 86' lang='lat'><em>149</em></span> <span class='ocrx_word' id='word_1_27' title='bbox 411 1192 426 1235; x_wconf 86' lang='lat' dir='ltr'><em>s</em></span> <span class='ocrx_word' id='word_1_28' title='bbox 452 1193 471 1234; x_wconf 76' lang='grc' dir='ltr'><em>,ε</em></span> 
     </span>
     <span class='ocr_line' id='line_1_8' title="bbox 368 1191 1210 1359; baseline 0.001 -20"><span class='ocrx_word' id='word_1_29' title='bbox 368 1191 449 1340; x_wconf 74' lang='lat' dir='ltr'><em>‘uosq</em></span> <span class='ocrx_word' id='word_1_30' title='bbox 461 1296 567 1340; x_wconf 89' lang='lat' dir='ltr'><em>sumus</em></span> <span class='ocrx_word' id='word_1_31' title='bbox 590 1278 730 1341; x_wconf 80' lang='lat' dir='ltr'><em>incertae.</em></span> <span class='ocrx_word' id='word_1_32' title='bbox 774 1297 831 1341; x_wconf 89' lang='lat' dir='ltr'><em>nes</em></span> <span class='ocrx_word' id='word_1_33' title='bbox 853 1277 969 1341; x_wconf 79' lang='lat' dir='ltr'><em>annius</em></span> <span class='ocrx_word' id='word_1_34' title='bbox 991 1278 1097 1341; x_wconf 88' lang='lat' dir='ltr'><em>omnia</em></span> <span class='ocrx_word' id='word_1_35' title='bbox 1119 1277 1210 1359; x_wconf 73' lang='lat' dir='ltr'><em>eeqit,</em></span> 
     </span>
     <span class='ocr_line' id='line_1_9' title="bbox 366 1382 1073 1467; baseline 0.003 -21"><span class='ocrx_word' id='word_1_36' title='bbox 366 1403 443 1464; x_wconf 81' lang='lat' dir='ltr'><em>quae</em></span> <span class='ocrx_word' id='word_1_37' title='bbox 461 1385 696 1467; x_wconf 63' lang='lat' dir='ltr'><em>pessumiere,</em></span> <span class='ocrx_word' id='word_1_38' title='bbox 716 1385 802 1465; x_wconf 77' lang='lat' dir='ltr'><em>faeta</em></span> <span class='ocrx_word' id='word_1_39' title='bbox 819 1390 934 1466; x_wconf 74' lang='lat' dir='ltr'><em>putare</em></span> <span class='ocrx_word' id='word_1_40' title='bbox 957 1382 1073 1448; x_wconf 88' lang='lat' dir='ltr'><em>timor.&#39;</em></span> 
     </span>
    </p>
   </div>
   <div class='ocr_carea' id='block_1_6' title="bbox 230 1525 1379 1823">
    <p class='ocr_par' dir='ltr' id='par_1_6' title="bbox 230 1525 1379 1823">
     <span class='ocr_line' id='line_1_10' title="bbox 321 1525 1378 1609; baseline 0.001 -20"><span class='ocrx_word' id='word_1_41' title='bbox 321 1525 382 1589; x_wconf 83' lang='lat' dir='ltr'><em>His</em></span> <span class='ocrx_word' id='word_1_42' title='bbox 415 1526 496 1590; x_wconf 84' lang='lat' dir='ltr'><em>loeis</em></span> <span class='ocrx_word' id='word_1_43' title='bbox 529 1526 579 1590; x_wconf 90' lang='lat' dir='ltr'><em>illi</em></span> <span class='ocrx_word' id='word_1_44' title='bbox 613 1530 689 1591; x_wconf 82' lang='lat' dir='ltr'><em>sunt</em></span> <span class='ocrx_word' id='word_1_45' title='bbox 722 1526 857 1604; x_wconf 84' lang='lat' dir='ltr'><em>adfines,</em></span> <span class='ocrx_word' id='word_1_46' title='bbox 893 1525 1010 1609; x_wconf 83' lang='lat' dir='ltr'><em>quibus</em></span> <span class='ocrx_word' id='word_1_47' title='bbox 1046 1525 1219 1589; x_wconf 86' lang='lat' dir='ltr'><strong>mulierum</strong></span> <span class='ocrx_word' id='word_1_48' title='bbox 1252 1525 1378 1591; x_wconf 85' lang='lat' dir='ltr'><em>animos</em></span> 
     </span>
     <span class='ocr_line' id='line_1_11' title="bbox 230 1631 1379 1716; baseline 0 -20"><span class='ocrx_word' id='word_1_49' title='bbox 230 1632 346 1696; x_wconf 75' lang='lat' dir='ltr'><em>nuntio</em></span> <span class='ocrx_word' id='word_1_50' title='bbox 380 1632 521 1716; x_wconf 83' lang='lat' dir='ltr'><em>quodam</em></span> <span class='ocrx_word' id='word_1_51' title='bbox 549 1636 681 1716; x_wconf 77' lang='lat' dir='ltr'><em>aeeepto</em></span> <span class='ocrx_word' id='word_1_52' title='bbox 710 1632 761 1697; x_wconf 87' lang='lat' dir='ltr'><em>vel</em></span> <span class='ocrx_word' id='word_1_53' title='bbox 790 1631 933 1696; x_wconf 77' lang='lat' dir='ltr'><em>excitata</em></span> <span class='ocrx_word' id='word_1_54' title='bbox 961 1632 1008 1696; x_wconf 86' lang='lat' dir='ltr'><em>rei</em></span> <span class='ocrx_word' id='word_1_55' title='bbox 1037 1631 1193 1697; x_wconf 84' lang='lat' dir='ltr'><em>terribilis</em></span> <span class='ocrx_word' id='word_1_56' title='bbox 1221 1633 1379 1696; x_wconf 87' lang='lat' dir='ltr'><em>memoria</em></span> 
     </span>
     <span class='ocr_line' id='line_1_12' title="bbox 231 1738 1379 1823; baseline 0 -21"><span class='ocrx_word' id='word_1_57' title='bbox 231 1738 370 1803; x_wconf 85' lang='lat' dir='ltr'><em>maxime</em></span> <span class='ocrx_word' id='word_1_58' title='bbox 394 1738 541 1803; x_wconf 81' lang='lat' dir='ltr'><em>videmus</em></span> <span class='ocrx_word' id='word_1_59' title='bbox 564 1739 758 1823; x_wconf 75' lang='lat' dir='ltr'><em>perturbari.</em></span> <span class='ocrx_word' id='word_1_60' title='bbox 799 1738 909 1823; x_wconf 79' lang='lat' dir='ltr'><em>Atque</em></span> <span class='ocrx_word' id='word_1_61' title='bbox 933 1739 948 1802; x_wconf 92' lang='lat' dir='ltr'>I</span> <span class='ocrx_word' id='word_1_62' title='bbox 968 1741 1007 1803; x_wconf 76' lang='lat'><em>21</em></span> <span class='ocrx_word' id='word_1_63' title='bbox 1036 1762 1082 1823; x_wconf 86' lang='lat' dir='ltr'><em>sq.</em></span> <span class='ocrx_word' id='word_1_64' title='bbox 1107 1739 1173 1804; x_wconf 88' lang='lat' dir='ltr'><em>iam</em></span> <span class='ocrx_word' id='word_1_65' title='bbox 1197 1738 1379 1803; x_wconf 73' lang='lat' dir='ltr'><strong>citavimus,</strong></span> 
     </span>
    </p>
   </div>
   <div class='ocr_carea' id='block_1_7' title="bbox 202 1862 1227 2497">
    <p class='ocr_par' dir='ltr' id='par_1_7' title="bbox 202 1862 1227 2497">
     <span class='ocr_line' id='line_1_13' title="bbox 202 1862 613 1946; baseline -0.002 -18"><span class='ocrx_word' id='word_1_66' title='bbox 202 1935 205 1942; x_wconf 51' lang='grc'><strong>,</strong></span> <span class='ocrx_word' id='word_1_67' title='bbox 319 1862 411 1928; x_wconf 83' lang='lat' dir='ltr'><strong>Adde</strong></span> <span class='ocrx_word' id='word_1_68' title='bbox 435 1885 464 1927; x_wconf 88' lang='lat' dir='ltr'><em>v.</em></span> <span class='ocrx_word' id='word_1_69' title='bbox 484 1863 528 1928; x_wconf 85' lang='lat'><em>45</em></span> <span class='ocrx_word' id='word_1_70' title='bbox 552 1885 613 1946; x_wconf 84' lang='lat' dir='ltr'><em>sq.:</em></span> 
     </span>
     <span class='ocr_line' id='line_1_14' title="bbox 363 1968 1227 2052; baseline 0.002 -18"><span class='ocrx_word' id='word_1_71' title='bbox 363 1968 476 2052; x_wconf 77' lang='lat' dir='ltr'><em>‘usque</em></span> <span class='ocrx_word' id='word_1_72' title='bbox 497 1974 579 2034; x_wconf 89' lang='lat' dir='ltr'><em>metu</em></span> <span class='ocrx_word' id='word_1_73' title='bbox 601 1970 732 2034; x_wconf 82' lang='lat' dir='ltr'><em>mieuere</em></span> <span class='ocrx_word' id='word_1_74' title='bbox 753 1972 855 2049; x_wconf 89' lang='lat' dir='ltr'><em>sinus,</em></span> <span class='ocrx_word' id='word_1_75' title='bbox 878 1973 952 2036; x_wconf 82' lang='lat' dir='ltr'><em>dum</em></span> <span class='ocrx_word' id='word_1_76' title='bbox 974 1977 1069 2036; x_wconf 76' lang='lat' dir='ltr'><em>uuor</em></span> <span class='ocrx_word' id='word_1_77' title='bbox 1091 1972 1227 2036; x_wconf 81' lang='lat' dir='ltr'><em>animm</em></span> 
     </span>
     <span class='ocr_line' id='line_1_15' title="bbox 362 2077 1091 2166; baseline 0.003 -25"><span class='ocrx_word' id='word_1_78' title='bbox 362 2078 461 2141; x_wconf 84' lang='lat' dir='ltr'><em>dictus</em></span> <span class='ocrx_word' id='word_1_79' title='bbox 483 2097 514 2142; x_wconf 87' lang='lat' dir='ltr'><em>es</em></span> <span class='ocrx_word' id='word_1_80' title='bbox 536 2079 675 2144; x_wconf 77' lang='lat' dir='ltr'><em>ismarIis</em></span> <span class='ocrx_word' id='word_1_81' title='bbox 700 2080 756 2144; x_wconf 84' lang='lat' dir='ltr'><em>isse</em></span> <span class='ocrx_word' id='word_1_82' title='bbox 775 2101 832 2160; x_wconf 83' lang='lat' dir='ltr'><em>per</em></span> <span class='ocrx_word' id='word_1_83' title='bbox 854 2099 964 2161; x_wconf 66' lang='lat' dir='ltr'><em>aarum</em></span> <span class='ocrx_word' id='word_1_84' title='bbox 987 2077 1091 2166; x_wconf 63' lang='lat' dir='ltr'><em>equis?</em></span> 
     </span>
     <span class='ocr_line' id='line_1_16' title="bbox 320 2198 498 2284; baseline 0.006 -22"><span class='ocrx_word' id='word_1_85' title='bbox 320 2198 348 2262; x_wconf 93' lang='lat' dir='ltr'>V</span> <span class='ocrx_word' id='word_1_86' title='bbox 374 2201 415 2264; x_wconf 80' lang='lat'><em>37</em></span> <span class='ocrx_word' id='word_1_87' title='bbox 437 2221 498 2284; x_wconf 85' lang='lat' dir='ltr'><em>sq.:</em></span> 
     </span>
     <span class='ocr_line' id='line_1_17' title="bbox 364 2305 1145 2393; baseline 0.004 -22"><span class='ocrx_word' id='word_1_88' title='bbox 364 2305 499 2372; x_wconf 73' lang='lat' dir='ltr'><em>‘attoniti</em></span> <span class='ocrx_word' id='word_1_89' title='bbox 521 2309 652 2374; x_wconf 75' lang='lat' dir='ltr'><em>micuere</em></span> <span class='ocrx_word' id='word_1_90' title='bbox 673 2310 775 2392; x_wconf 85' lang='lat' dir='ltr'><em>sinus,</em></span> <span class='ocrx_word' id='word_1_91' title='bbox 796 2311 974 2393; x_wconf 77' lang='lat' dir='ltr'><em>yetidusque</em></span> <span class='ocrx_word' id='word_1_92' title='bbox 996 2312 1145 2388; x_wconf 89' lang='lat' dir='ltr'><em>eueurrit,</em></span> 
     </span>
     <span class='ocr_line' id='line_1_18' title="bbox 365 2413 1105 2497; baseline 0.009 -21"><span class='ocrx_word' id='word_1_93' title='bbox 365 2417 401 2476; x_wconf 90' lang='lat' dir='ltr'><em>ut</em></span> <span class='ocrx_word' id='word_1_94' title='bbox 422 2413 500 2477; x_wconf 80' lang='lat' dir='ltr'><em>mitti</em></span> <span class='ocrx_word' id='word_1_95' title='bbox 522 2416 676 2492; x_wconf 86' lang='lat' dir='ltr'><em>narrasti,</em></span> <span class='ocrx_word' id='word_1_96' title='bbox 698 2417 780 2480; x_wconf 84' lang='lat' dir='ltr'><em>dura</em></span> <span class='ocrx_word' id='word_1_97' title='bbox 798 2437 856 2497; x_wconf 75' lang='lat' dir='ltr'><em>per</em></span> <span class='ocrx_word' id='word_1_98' title='bbox 879 2437 949 2482; x_wconf 87' lang='lat' dir='ltr'><em>ossa</em></span> <span class='ocrx_word' id='word_1_99' title='bbox 973 2415 1105 2482; x_wconf 65' lang='lat' dir='ltr'><em>tremor?</em></span> 
     </span>
    </p>
   </div>
   <div class='ocr_carea' id='block_1_8' title="bbox 318 2537 1315 3632">
    <p class='ocr_par' dir='ltr' id='par_1_8' title="bbox 321 2537 1271 2836">
     <span class='ocr_line' id='line_1_19' title="bbox 321 2537 498 2623; baseline 0.011 -22"><span class='ocrx_word' id='word_1_100' title='bbox 321 2537 350 2601; x_wconf 94' lang='lat' dir='ltr'>X</span> <span class='ocrx_word' id='word_1_101' title='bbox 374 2539 415 2603; x_wconf 84' lang='lat'><em>31</em></span> <span class='ocrx_word' id='word_1_102' title='bbox 437 2561 498 2623; x_wconf 84' lang='lat' dir='ltr'><em>sq.:</em></span> 
     </span>
     <span class='ocr_line' id='line_1_20' title="bbox 365 2643 1271 2732; baseline 0.006 -23"><span class='ocrx_word' id='word_1_103' title='bbox 365 2643 431 2709; x_wconf 79' lang='lat' dir='ltr'><em>‘aut</em></span> <span class='ocrx_word' id='word_1_104' title='bbox 452 2647 531 2728; x_wconf 84' lang='lat' dir='ltr'><em>uidi,</em></span> <span class='ocrx_word' id='word_1_105' title='bbox 553 2651 610 2711; x_wconf 91' lang='lat' dir='ltr'><em>aut</em></span> <span class='ocrx_word' id='word_1_106' title='bbox 632 2653 791 2729; x_wconf 79' lang='lat' dir='ltr'><em>tamquam</em></span> <span class='ocrx_word' id='word_1_107' title='bbox 813 2670 892 2730; x_wconf 79' lang='lat' dir='ltr'><em>quae</em></span> <span class='ocrx_word' id='word_1_108' title='bbox 914 2671 961 2714; x_wconf 88' lang='lat' dir='ltr'><em>me</em></span> <span class='ocrx_word' id='word_1_109' title='bbox 983 2651 1095 2715; x_wconf 83' lang='lat' dir='ltr'><em>uidisse</em></span> <span class='ocrx_word' id='word_1_110' title='bbox 1113 2654 1271 2732; x_wconf 75' lang='lat' dir='ltr'><em>putarem,</em></span> 
     </span>
     <span class='ocr_line' id='line_1_21' title="bbox 362 2751 987 2836; baseline 0.011 -23"><span class='ocrx_word' id='word_1_111' title='bbox 362 2751 509 2833; x_wconf 58' lang='lat' dir='ltr'><em>frigidior</em></span> <span class='ocrx_word' id='word_1_112' title='bbox 528 2753 626 2834; x_wconf 75' lang='lat' dir='ltr'><em>ytaaie</em></span> <span class='ocrx_word' id='word_1_113' title='bbox 647 2755 896 2836; x_wconf 80' lang='lat' dir='ltr'><em>semianimisque</em></span> <span class='ocrx_word' id='word_1_114' title='bbox 916 2754 987 2836; x_wconf 77' lang='lat' dir='ltr'><em>fui’</em></span> 
     </span>
    </p>

    <p class='ocr_par' dir='ltr' id='par_1_9' title="bbox 320 2873 1315 3174">
     <span class='ocr_line' id='line_1_22' title="bbox 320 2873 518 2959; baseline 0.02 -22"><span class='ocrx_word' id='word_1_115' title='bbox 320 2873 371 2938; x_wconf 89' lang='grc' dir='ltr'><em>ΙΙΙ</em></span> <span class='ocrx_word' id='word_1_116' title='bbox 394 2876 437 2941; x_wconf 84' lang='lat'><em>59</em></span> <span class='ocrx_word' id='word_1_117' title='bbox 458 2898 518 2959; x_wconf 87' lang='lat' dir='ltr'><em>sq.:</em></span> 
     </span>
     <span class='ocr_line' id='line_1_23' title="bbox 364 2981 1315 3069; baseline 0.004 -21"><span class='ocrx_word' id='word_1_118' title='bbox 364 2981 462 3066; x_wconf 68' lang='lat' dir='ltr'><em>‘quod</em></span> <span class='ocrx_word' id='word_1_119' title='bbox 481 2983 577 3048; x_wconf 78' lang='lat' dir='ltr'><em>scelus</em></span> <span class='ocrx_word' id='word_1_120' title='bbox 599 2988 635 3048; x_wconf 94' lang='lat' dir='ltr'><em>ut</em></span> <span class='ocrx_word' id='word_1_121' title='bbox 651 2985 785 3066; x_wconf 72' lang='lat' dir='ltr'><em>panium</em></span> <span class='ocrx_word' id='word_1_122' title='bbox 808 2985 1039 3050; x_wconf 75' lang='lat' dir='ltr'><em>misereamini</em></span> <span class='ocrx_word' id='word_1_123' title='bbox 1060 2987 1188 3069; x_wconf 60' lang='lat' dir='ltr'><em>cantauit</em></span> <span class='ocrx_word' id='word_1_124' title='bbox 1210 3007 1315 3065; x_wconf 86' lang='lat' dir='ltr'><em>aures,</em></span> 
     </span>
     <span class='ocr_line' id='line_1_24' title="bbox 361 3092 1107 3174; baseline 0.001 -18"><span class='ocrx_word' id='word_1_125' title='bbox 361 3092 526 3174; x_wconf 68' lang='lat' dir='ltr'><em>sanquiuis</em></span> <span class='ocrx_word' id='word_1_126' title='bbox 548 3095 638 3174; x_wconf 76' lang='lat' dir='ltr'><em>atque</em></span> <span class='ocrx_word' id='word_1_127' title='bbox 660 3093 763 3156; x_wconf 88' lang='lat' dir='ltr'><em>animi</em></span> <span class='ocrx_word' id='word_1_128' title='bbox 778 3099 885 3174; x_wconf 81' lang='lat' dir='ltr'><em>pectas</em></span> <span class='ocrx_word' id='word_1_129' title='bbox 908 3095 1002 3159; x_wconf 85' lang='lat' dir='ltr'><em>tuane</em></span> <span class='ocrx_word' id='word_1_130' title='bbox 1022 3092 1107 3174; x_wconf 66' lang='lat' dir='ltr'><em>suit?</em></span> 
     </span>
    </p>

    <p class='ocr_par' dir='ltr' id='par_1_10' title="bbox 318 3212 1281 3512">
     <span class='ocr_line' id='line_1_25' title="bbox 318 3212 534 3299; baseline 0.014 -23"><span class='ocrx_word' id='word_1_131' title='bbox 318 3212 366 3276; x_wconf 95' lang='lat' dir='ltr'><em>IX</em></span> <span class='ocrx_word' id='word_1_132' title='bbox 391 3214 455 3279; x_wconf 82' lang='lat'><em>135</em></span> <span class='ocrx_word' id='word_1_133' title='bbox 475 3236 534 3299; x_wconf 84' lang='lat' dir='ltr'><em>sq.:</em></span> 
     </span>
     <span class='ocr_line' id='line_1_26' title="bbox 364 3318 1281 3408; baseline 0.007 -25"><span class='ocrx_word' id='word_1_134' title='bbox 364 3318 465 3384; x_wconf 75' lang='lat' dir='ltr'><em>‘mens</em></span> <span class='ocrx_word' id='word_1_135' title='bbox 485 3322 568 3403; x_wconf 66' lang='lat' dir='ltr'><em>fuait</em></span> <span class='ocrx_word' id='word_1_136' title='bbox 590 3323 764 3407; x_wconf 82' lang='lat' dir='ltr'><em>admonitu,</em></span> <span class='ocrx_word' id='word_1_137' title='bbox 785 3325 944 3406; x_wconf 70' lang='lat' dir='ltr'><em>friyusque</em></span> <span class='ocrx_word' id='word_1_138' title='bbox 959 3325 1159 3407; x_wconf 76' lang='lat' dir='ltr'><em>perambulat</em></span> <span class='ocrx_word' id='word_1_139' title='bbox 1172 3330 1281 3408; x_wconf 85' lang='lat' dir='ltr'><em>artus,</em></span> 
     </span>
     <span class='ocr_line' id='line_1_27' title="bbox 363 3428 1119 3512; baseline 0.009 -23"><span class='ocrx_word' id='word_1_140' title='bbox 363 3431 391 3489; x_wconf 88' lang='lat' dir='ltr'><em>et</em></span> <span class='ocrx_word' id='word_1_141' title='bbox 412 3428 490 3491; x_wconf 84' lang='lat' dir='ltr'><em>iaeet</em></span> <span class='ocrx_word' id='word_1_142' title='bbox 512 3429 547 3492; x_wconf 91' lang='lat' dir='ltr'><em>in</em></span> <span class='ocrx_word' id='word_1_143' title='bbox 566 3431 683 3511; x_wconf 78' lang='lat' dir='ltr'><em>yremia</em></span> <span class='ocrx_word' id='word_1_144' title='bbox 706 3430 857 3512; x_wconf 75' lang='lat' dir='ltr'><em>tauyuida</em></span> <span class='ocrx_word' id='word_1_145' title='bbox 877 3432 965 3511; x_wconf 85' lang='lat' dir='ltr'><em>faeta</em></span> <span class='ocrx_word' id='word_1_146' title='bbox 986 3431 1119 3496; x_wconf 59' lang='lat' dir='ltr'><em>manus?</em></span> 
     </span>
    </p>

    <p class='ocr_par' dir='ltr' id='par_1_11' title="bbox 320 3547 553 3632">
     <span class='ocr_line' id='line_1_28' title="bbox 320 3547 553 3632; baseline 0.009 -21"><span class='ocrx_word' id='word_1_147' title='bbox 320 3547 383 3611; x_wconf 91' lang='lat' dir='ltr'><em>XII</em></span> <span class='ocrx_word' id='word_1_148' title='bbox 410 3548 470 3612; x_wconf 88' lang='grc'><em>141</em></span> <span class='ocrx_word' id='word_1_149' title='bbox 493 3570 553 3632; x_wconf 88' lang='lat' dir='ltr'><em>sq.:</em></span> 
     </span>
    </p>
   </div>
   <div class='ocr_carea' id='block_1_9' title="bbox 361 3654 1267 3850">
    <p class='ocr_par' dir='ltr' id='par_1_12' title="bbox 361 3654 1267 3850">
     <span class='ocr_line' id='line_1_29' title="bbox 363 3654 1267 3742; baseline 0.008 -23"><span class='ocrx_word' id='word_1_150' title='bbox 363 3654 537 3740; x_wconf 59' lang='lat' dir='ltr'><em>‘pertimui</em></span> <span class='ocrx_word' id='word_1_151' title='bbox 560 3678 614 3722; x_wconf 86' lang='lat' dir='ltr'><em>nee</em></span> <span class='ocrx_word' id='word_1_152' title='bbox 636 3658 736 3724; x_wconf 77' lang='lat' dir='ltr'><em>adhue</em></span> <span class='ocrx_word' id='word_1_153' title='bbox 759 3664 879 3723; x_wconf 91' lang='lat' dir='ltr'><em>tantum</em></span> <span class='ocrx_word' id='word_1_154' title='bbox 901 3661 998 3726; x_wconf 81' lang='lat' dir='ltr'><em>scetus</em></span> <span class='ocrx_word' id='word_1_155' title='bbox 1020 3682 1081 3726; x_wconf 87' lang='lat' dir='ltr'><em>esse</em></span> <span class='ocrx_word' id='word_1_156' title='bbox 1098 3663 1267 3742; x_wconf 77' lang='lat' dir='ltr'><em>putabam:</em></span> 
     </span>
     <span class='ocr_line' id='line_1_30' title="bbox 361 3764 1048 3850; baseline 0.009 -23"><span class='ocrx_word' id='word_1_157' title='bbox 361 3764 414 3827; x_wconf 78' lang='lat' dir='ltr'><em>sert</em></span> <span class='ocrx_word' id='word_1_158' title='bbox 435 3765 596 3828; x_wconf 89' lang='lat' dir='ltr'><em>tamenin</em></span> <span class='ocrx_word' id='word_1_159' title='bbox 618 3769 678 3829; x_wconf 87' lang='lat' dir='ltr'><em>toto</em></span> <span class='ocrx_word' id='word_1_160' title='bbox 695 3771 815 3846; x_wconf 75' lang='lat' dir='ltr'><em>pestere</em></span> <span class='ocrx_word' id='word_1_161' title='bbox 836 3767 939 3850; x_wconf 74' lang='lat' dir='ltr'><em>friyus</em></span> <span class='ocrx_word' id='word_1_162' title='bbox 962 3766 1048 3832; x_wconf 69' lang='lat' dir='ltr'><em>erat?</em></span> 
     </span>
    </p>
   </div>
   <div class='ocr_carea' id='block_1_10' title="bbox 256 3885 544 3996">
    <p class='ocr_par' dir='ltr' id='par_1_13' title="bbox 256 3885 544 3996">
     <span class='ocr_line' id='line_1_31' title="bbox 256 3885 544 3996; baseline 0.003 -45"><span class='ocrx_word' id='word_1_163' title='bbox 256 3965 271 3996; x_wconf 65' lang='lat' dir='ltr'>x</span> <span class='ocrx_word' id='word_1_164' title='bbox 318 3885 397 3951; x_wconf 87' lang='lat' dir='ltr'><em>XIV</em></span> <span class='ocrx_word' id='word_1_165' title='bbox 422 3889 461 3952; x_wconf 79' lang='lat'><em>17</em></span> <span class='ocrx_word' id='word_1_166' title='bbox 483 3911 544 3972; x_wconf 85' lang='lat' dir='ltr'><em>sq.:</em></span> 
     </span>
    </p>
   </div>
   <div class='ocr_carea' id='block_1_11' title="bbox 317 3992 1272 4508">
    <p class='ocr_par' dir='ltr' id='par_1_14' title="bbox 317 3992 1272 4508">
     <span class='ocr_line' id='line_1_32' title="bbox 360 3992 1192 4083; baseline 0.012 -27"><span class='ocrx_word' id='word_1_167' title='bbox 360 3992 423 4057; x_wconf 78' lang='lat' dir='ltr'><em>‘ear</em></span> <span class='ocrx_word' id='word_1_168' title='bbox 438 3999 532 4076; x_wconf 77' lang='lat' dir='ltr'><em>paret</em></span> <span class='ocrx_word' id='word_1_169' title='bbox 553 3997 715 4061; x_wconf 87' lang='lat' dir='ltr'><em>admonitu</em></span> <span class='ocrx_word' id='word_1_170' title='bbox 738 4002 900 4064; x_wconf 80' lang='lat' dir='ltr'><em>temeratae</em></span> <span class='ocrx_word' id='word_1_171' title='bbox 922 4002 1073 4083; x_wconf 71' lang='lat' dir='ltr'><em>sanquine</em></span> <span class='ocrx_word' id='word_1_172' title='bbox 1095 4003 1192 4067; x_wconf 87' lang='lat' dir='ltr'><em>noetis</em></span> 
     </span>
     <span class='ocr_line' id='line_1_33' title="bbox 361 4101 1101 4188; baseline 0.011 -24"><span class='ocrx_word' id='word_1_173' title='bbox 361 4106 390 4164; x_wconf 85' lang='lat' dir='ltr'><em>et</em></span> <span class='ocrx_word' id='word_1_174' title='bbox 410 4101 528 4166; x_wconf 80' lang='lat' dir='ltr'><em>subitus</em></span> <span class='ocrx_word' id='word_1_175' title='bbox 550 4104 676 4169; x_wconf 74' lang='lat' dir='ltr'><em>destrae</em></span> <span class='ocrx_word' id='word_1_176' title='bbox 692 4107 854 4188; x_wconf 76' lang='lat' dir='ltr'><em>praepedit</em></span> <span class='ocrx_word' id='word_1_177' title='bbox 875 4127 945 4172; x_wconf 88' lang='lat' dir='ltr'><em>ossa</em></span> <span class='ocrx_word' id='word_1_178' title='bbox 969 4106 1101 4172; x_wconf 69' lang='lat' dir='ltr'><em>tremor?</em></span> 
     </span>
     <span class='ocr_line' id='line_1_34' title="bbox 317 4208 443 4292; baseline 0 -21"><span class='ocrx_word' id='word_1_179' title='bbox 317 4208 358 4272; x_wconf 77' lang='lat'><em>37</em></span> <span class='ocrx_word' id='word_1_180' title='bbox 384 4229 443 4292; x_wconf 89' lang='lat' dir='ltr'><em>sq.:</em></span> 
     </span>
     <span class='ocr_line' id='line_1_35' title="bbox 362 4312 1272 4407; baseline 0.011 -29"><span class='ocrx_word' id='word_1_181' title='bbox 362 4312 505 4398; x_wconf 69' lang='lat' dir='ltr'><em>‘sanquis</em></span> <span class='ocrx_word' id='word_1_182' title='bbox 527 4317 592 4381; x_wconf 79' lang='lat' dir='ltr'><em>abit</em></span> <span class='ocrx_word' id='word_1_183' title='bbox 613 4323 799 4402; x_wconf 82' lang='lat' dir='ltr'><em>mentemque</em></span> <span class='ocrx_word' id='word_1_184' title='bbox 821 4323 905 4386; x_wconf 82' lang='lat' dir='ltr'><em>eatur</em></span> <span class='ocrx_word' id='word_1_185' title='bbox 926 4340 1093 4404; x_wconf 69' lang='lat' dir='ltr'><em>emmaque</em></span> <span class='ocrx_word' id='word_1_186' title='bbox 1115 4323 1272 4407; x_wconf 73' lang='lat' dir='ltr'><em>relinquit,</em></span> 
     </span>
     <span class='ocr_line' id='line_1_36' title="bbox 363 4422 1016 4508; baseline 0.014 -25"><span class='ocrx_word' id='word_1_187' title='bbox 363 4422 454 4502; x_wconf 81' lang='lat' dir='ltr'><em>inque</em></span> <span class='ocrx_word' id='word_1_188' title='bbox 476 4444 552 4488; x_wconf 86' lang='lat' dir='ltr'><em>uano</em></span> <span class='ocrx_word' id='word_1_189' title='bbox 574 4425 659 4490; x_wconf 80' lang='lat' dir='ltr'><em>iacui</em></span> <span class='ocrx_word' id='word_1_190' title='bbox 679 4426 800 4508; x_wconf 65' lang='lat' dir='ltr'><em>trierim</em></span> <span class='ocrx_word' id='word_1_191' title='bbox 820 4429 906 4508; x_wconf 81' lang='lat' dir='ltr'><em>saeta</em></span> <span class='ocrx_word' id='word_1_192' title='bbox 929 4426 1016 4493; x_wconf 67' lang='lat' dir='ltr'><em>toro?</em></span> 
     </span>
    </p>
   </div>
   <div class='ocr_carea' id='block_1_12' title="bbox 0 0 1678 4934">
    <p class='ocr_par' dir='ltr' id='par_1_15' title="bbox 0 0 1678 4934">
     <span class='ocr_line' id='line_1_37' title="bbox 0 0 1678 4934; baseline 0 1"><span class='ocrx_word' id='word_1_193' title='bbox 0 0 1678 4934; x_wconf 95' lang='lat' dir='ltr'><em> </em></span> 
     </span>
    </p>
   </div>
  </div>
 </body>
</html>
