3346 4934
692 315 913 380 ...61-

360 473 417 554 ἠδ’
439 474 526 540 ὅςςοι
550 477 692 555 κραναὴν
716 473 836 553 Ἰθάκην
859 476 938 538 κάτα
962 475 1187 553 κοιρανέουςιν,

359 581 464 646 τόςςοι
489 580 600 661 μητέρ’
623 583 701 661 ἐμὴν
725 585 874 660 μνῶνται,
897 581 1046 659 τράχουςι
1070 581 1105 643 δὲ
1129 577 1220 644 οἷκον

362 829 399 840 -
426 795 475 859 τοὶ
499 796 535 858 δὲ
560 795 768 874 φθινύθουςιν
791 794 921 859 ἔδοντες

361 899 451 966 οἷκον
475 901 561 979 ἐμόν.

227 1023 472 1108 Comparandus
497 1025 597 1090 etiam
621 1029 672 1090 est
695 1025 786 1090 loeus
810 1030 825 1092 ξ
846 1026 901 1090 92:

359 1152 499 1229 κτήματα
522 1152 757 1230 δαρδάπτουςιν
780 1151 932 1229 ὑπέρβιον
955 1148 1029 1214 οὐδ’
1053 1149 1105 1213 ἔπι
1128 1151 1241 1228 φειδώ.

226 1273 277 1337 Ad
303 1296 414 1338 versus
435 1275 476 1338 91
493 1295 553 1357 sq:

359 1379 450 1463 ‘quid
472 1382 527 1446 tibi
549 1381 743 1446 Pisandrum
763 1380 972 1464 Polybumque
996 1379 1203 1462 Medontaque
1225 1381 1329 1444 dirum

357 1487 608 1571 Eurymachique
629 1489 739 1553 auidos
762 1488 952 1569 Autiuoique
974 1507 1087 1551 mouus

357 1599 447 1675 utque
469 1595 549 1660 alios
570 1595 713 1677 referam,
735 1615 811 1676 quos
834 1596 935 1659 ouuis
958 1594 1087 1675 turpiter
1109 1593 1216 1658 absens

357 1702 422 1782 ipse
444 1705 496 1764 tuo
512 1701 618 1782 portis
639 1701 792 1783 soupuiue
812 1701 903 1764 rebus
925 1696 1005 1765 olis'

225 1821 272 1887 Of.
297 1844 316 1902 χ
335 1825 401 1890 240
418 1845 500 1908 sqq:

357 1953 534 2028 μνηςτῆρας
557 1947 589 2012 δ’
613 1949 735 2029 ὤτρυνε
760 1949 1004 2030 Δαμαςτορίδης
1029 1948 1179 2026 Ἀγέλαος

357 2055 538 2134 Εὐρύνομός
561 2077 596 2120 τε
619 2058 671 2122 καὶ
694 2055 897 2136 Ἀμφιμέδων
920 2055 1176 2135 Δημοπτόλεμός
1201 2077 1235 2119 τε

357 2161 555 2241 Πείςανδρός
578 2184 613 2226 τε
636 2164 877 2242 Πολυκτορίδης
900 2163 1050 2243 Πόλυβός
1073 2183 1108 2226 τε
1131 2163 1288 2239 δαΐφρων.

357 2269 387 2333 οἱ
411 2269 472 2348 γὰρ
496 2273 682 2350 μνηςτήρων
705 2268 802 2354 ἀρετῇ
826 2270 901 2334 ἔςαν
925 2267 1015 2346 ἔξοχ’
1037 2267 1164 2346 ἄριςτοι.

305 2392 469 2458 '’Pisander
484 2394 584 2459 etiam
599 2398 874 2459 commemoratur
888 2393 988 2478 χ268,
1003 2393 1099 2470 csso,
1110 2391 1254 2477 Polybus
1270 2393 1369 2475 χ284,

136 2502 139 2510 ’
224 2499 414 2582 saepissime
433 2505 544 2566 autem
557 2501 785 2585 Eurymachus
800 2505 834 2565 et
847 2500 1020 2565 Antinous.
1053 2499 1102 2564 De
1116 2498 1269 2564 Medonte
1284 2499 1368 2563 infra

223 2607 323 2669 verba
345 2605 510 2671 faciemus.
548 2606 742 2672 Addendum
765 2611 826 2692 est,
848 2607 1068 2672 versumiam
1092 2611 1188 2671 antea
1211 2607 1369 2670 adlatum:

357 2734 497 2810 κτήματα
519 2731 755 2810 δαρδάπτοντα
777 2731 940 2814 ὑπέρβιον,
963 2729 1037 2795 οὐδ’
1061 2730 1113 2820 ἔπι
1136 2731 1240 2809 φειδώ

226 2859 374 2920 accurate
397 2856 590 2941 respondere
614 2856 722 2920 verbis
747 2856 893 2938 ‘turpiter
915 2852 991 2920 ol’
1016 2853 1057 2938 (v.
1077 2852 1144 2941 94).

312 2961 556 3152 Vlllrlssblpeus
573 3070 750 3151 pecorisque
774 3067 969 3134 Meloutbius
991 3073 1076 3133 oetor
1097 3068 1205 3133 ederrrb

354 3177 484 3241 ultimus
505 3178 650 3240 oeoeduut
672 3177 708 3240 iu
732 3181 786 3240 tuo
808 3178 926 3242 doruuo
942 3173 1066 3259 prodor?

310 3299 383 3364 Irus
404 3299 569 3383 Odysseae
588 3300 673 3364 libro
693 3300 952 3365 duodevicesimo
971 3301 1166 3365 nobilitatus
1186 3299 1219 3362 in
1240 3322 1369 3383 prover-

94 3411 97 3422 '
222 3406 314 3471 bium
332 3405 437 3489 venit3
460 3405 494 3469 in
516 3406 631 3489 primis
652 3410 762 3470 autem
781 3406 821 3472 of.
840 3404 931 3472 vles
954 3405 1035 3485 Ἶρος
1058 3406 1175 3486 ἀλήτης
1199 3409 1233 3469 et
1255 3429 1283 3471 v.
1303 3406 1367 3472 333

216 3509 318 3608 ’(393)
342 3509 428 3606 Ἶρον
451 3509 581 3591 ἀλήτην.

309 3618 358 3683 De
387 3617 570 3683 Melanthio
597 3621 648 3684 vel
679 3620 867 3685 Melantheo
894 3658 931 3668 -
962 3624 1101 3703 utraque
1128 3619 1235 3684 forma
1262 3623 1370 3684 exstat

111 3731 114 3738 '
220 3724 306 3808 apud
333 3724 515 3789 Homerum
543 3762 584 3772 -
615 3749 689 3791 oum
717 3726 790 3790 aliis
819 3727 900 3791 loeis
929 3726 1040 3811 agitur
1068 3731 1139 3791 tum
1167 3729 1269 3806 palu
1285 3748 1367 3809 sqq:

353 3849 431 3916 ἔνθα
455 3853 555 3930 ςφέας
578 3851 703 3930 ἐκίχανε
728 3851 797 3915 υἱὸς
821 3851 956 3915 Δολίοιο
981 3852 1170 3918 Μελανθεύς

354 3955 446 4033 αἶγας
469 3955 567 4037 ἄγων,
592 3958 623 4021 αἳ
648 3961 721 4022 πάςι
746 3959 947 4036 μετέπρεπον
970 3957 1167 4022 αἰπολίοιςιν.

353 4068 487 4128 δεῖπνον
511 4068 724 4144 μνηςτήρεςςι·
748 4064 816 4128 δύω
839 4063 872 4128 δ’
896 4062 951 4141 ἅμ’
976 4065 1095 4129 ἕποντο
1118 4069 1244 4144 νομῆες.

219 4191 253 4250 et
276 4209 304 4251 v.
326 4187 389 4252 173
405 4209 466 4271 sq:

352 4310 529 4390 ἀγχίμολον
552 4314 587 4377 δέ
612 4311 669 4392 (φ’
692 4314 768 4393 ἦλθε
793 4311 975 4379 Μελάνθιος
999 4311 1134 4378 αἰπόλος
1158 4313 1258 4390 αἰγῶν

353 4416 445 4494 αἶγας
470 4417 559 4495 ἄγων
582 4423 794 4500 μνηςτήρεςςι·
819 4421 886 4484 δύω
910 4418 943 4484 δ’
967 4417 1023 4498 ἅμ’
1047 4420 1167 4484 ἕποντο
1191 4425 1315 4500 νομῆες.
