3346 4934
299 1291 381 1359 (lum
405 1293 526 1357 multae
551 1314 612 1377 res,
642 1313 723 1374 quae
748 1291 788 1354 ad
810 1291 938 1356 litteras
962 1291 1081 1354 latinas
1105 1290 1279 1374 pertinent,
1301 1313 1354 1354 ne·

210 1423 373 1484 quaquam
397 1400 478 1465 satis
503 1401 607 1464 adhuc
633 1399 813 1483 explicatae
838 1398 913 1481 sint,
937 1401 1008 1462 tum
1031 1397 1233 1481 perdifficilis
1262 1398 1353 1461 mini-

210 1520 325 1591 meque
341 1507 492 1572 absoluta
507 1506 656 1590 quaestio
677 1510 727 1570 est
746 1506 784 1569 de
799 1505 840 1568 iis
856 1504 1064 1588 carminibus,
1084 1526 1165 1598 quae
1184 1503 1354 1568 heroidum

210 1614 261 1677 vel
281 1613 496 1696 epistularum
514 1613 644 1677 nomine
663 1612 822 1696 inscripta
841 1611 876 1676 in
895 1610 991 1676 Ovidi
1009 1610 1103 1675 libris
1123 1611 1354 1695 manuscriptis

210 1719 391 1782 traduntur.
448 1717 522 1783 Sive
561 1719 647 1784 enim
688 1720 727 1783 ad
764 1719 898 1783 titulum
937 1720 1049 1782 eorum
1082 1717 1249 1802 respicies,
1282 1741 1355 1782 eum

136 1871 138 1878 ι
210 1825 401 1909 neutiquam
425 1816 636 1910 explanatum
659 1848 744 1911 esse,
767 1825 901 1889 iamiam
925 1825 1169 1909 demonstrab0,
1199 1825 1265 1889 sive
1290 1824 1355 1888 ani·

210 1955 299 1995 mum
324 1933 473 1997 advertes
498 1934 538 1996 ad
562 1937 672 1997 textus
696 1933 806 2017 crisin,
828 1932 913 1996 hanc
936 1933 991 1995 diu
1009 1932 1194 2017 neglectam
1217 1931 1355 1996 iacuisse

209 2041 242 2101 et
265 2061 369 2122 nuper
398 2039 493 2103 modo
521 2040 562 2103 ad
591 2040 763 2104 certiorem
793 2039 955 2122 quandam
985 2061 1133 2103 normam
1157 2038 1261 2121 redigi
1285 2060 1354 2102 esse

209 2148 359 2229 coeptam
382 2143 549 2232 videbis¹)‚
574 2146 650 2229 sive,
674 2147 760 2229 quod
780 2168 945 2210 summum
964 2149 1023 2230 est,
1048 2158 1188 2229 quonam
1207 2149 1355 2228 tempore

193 2255 266 2314 *aut
290 2274 309 2314 a
334 2274 397 2335 quo
421 2255 573 2335 poemata
596 2252 653 2315 illa
678 2253 744 2316 sint
767 2253 899 2316 condita
928 2274 1076 2336 quaeres,
1105 2252 1144 2315 de
1168 2273 1206 2314 ea
1229 2273 1262 2315 re
1287 2255 1356 2314 tam

208 2358 315 2422 varias
340 2359 380 2422 ad
403 2360 489 2424 hunc
510 2359 595 2423 diem
615 2355 879 2424 doctissimorum
898 2359 1069 2423 hominum
1088 2362 1220 2442 tamque
1240 2358 1357 2422 discre-

208 2468 324 2548 pantes
354 2466 533 2529 sententias
566 2466 724 2550 invenies,
759 2470 796 2530 ut
826 2466 866 2529 ad
894 2487 990 2548 quem
1018 2469 1051 2530 te
1075 2465 1232 2551 applices,
1257 2464 1355 2548 plane

208 2571 349 2656 ignores.
400 2572 451 2636 Ex
482 2573 544 2637 hac
576 2573 680 2658 igitur
713 2576 807 2637 tanta
840 2573 991 2657 materia,
1024 2593 1261 2657 quamcumque
1295 2571 1356 2634 tibi

209 2682 337 2759 partem
365 2679 571 2742 tractandam
600 2680 795 2764 susceperis,
828 2683 915 2744 certe
949 2684 981 2744 te
1010 2702 1077 2744 non
1105 2683 1178 2743 acta
1208 2682 1356 2743 acturum

210 2781 245 2845 in
273 2804 375 2865 eoque
408 2803 525 2868 genere
559 2785 681 2868 aliquid
709 2808 779 2850 esse
814 2785 1038 2870 profecturum
1067 2807 1196 2870 sperare
1224 2785 1356 2869 poteris.

211 2887 300 2964 Quae
329 2912 402 2954 cum
430 2890 479 2954 ita
507 2913 541 2956 se
567 2891 688 2957 habere
717 2892 956 2978 intellegerem,
983 2893 1017 2956 in
1045 2893 1125 2957 haec
1154 2891 1262 2955 studia
1285 2895 1356 2956 toto

208 3000 339 3078 pectore
367 2997 499 3062 incubui
533 3003 566 3062 et
595 3000 835 3083 aliquantulum
864 2999 938 3063 inde
968 2999 1049 3063 mihi
1082 2999 1203 3062 eruisse
1237 2998 1357 3080 videor,

211 3102 297 3184 quod
320 3103 407 3167 haud
432 3105 499 3169 scio
525 3127 564 3170 an
590 3106 711 3170 litteris
735 3107 889 3170 mandare
914 3128 1029 3191 operae
1053 3106 1196 3190 pretium
1220 3105 1272 3168 sit.

678 3305 890 3313 ———-——-.—-

770 3460 795 3526 Ι.

298 3579 511 3668 Propositum
535 3589 586 3649 est
609 3585 713 3671 igitur
731 3586 874 3670 primum
893 3609 932 3650 ea
950 3587 1104 3672 colligere
1125 3609 1161 3650 ac
1183 3586 1358 3671 diligenter

212 3692 400 3778 expendere,
424 3713 506 3776 quae
532 3692 570 3755 de
594 3715 671 3757 vero
694 3694 813 3758 horum
833 3693 1013 3757 carminum
1036 3694 1134 3758 titulo
1158 3693 1286 3777 possint
1309 3693 1357 3757 in-

209 3796 332 3882 dagari.

300 3993 325 4059 1)
346 3992 371 4043 ls
396 3992 444 4059 qui
467 4011 540 4048 anno
566 3999 635 4051 1886
665 3994 794 4049 heroides
817 3993 1001 4051 vindobonae
1025 3995 1163 4063 apparatu
1191 3981 1288 4048 critico
1315 3994 1357 4048 in-

209 4076 330 4131 structas
356 4079 458 4149 edidit,
478 4082 615 4138 Henricus
635 4083 794 4154 Stephanus
814 4083 990 4152 Sedlmayer,
1015 4099 1100 4152 quam
1118 4100 1215 4152 parum
1241 4083 1358 4140 editoris

209 4165 328 4232 perfecti
347 4169 432 4236 atque
453 4169 575 4225 absoluti
594 4171 688 4226 officio
709 4171 886 4239 satisfecerit,
901 4170 1070 4240 quicumque
1090 4188 1258 4241 cognoscere
1272 4176 1357 4246 volet,

208 4251 341 4323 inspiciat
359 4272 490 4312 censuras
510 4258 592 4314 huius
612 4258 703 4315 libelli
727 4261 864 4330 imprimis
884 4261 919 4315 ab
938 4260 1084 4314 Ehwaldio
1108 4261 1138 4314 in
1156 4263 1287 4318 Bursiani
1310 4282 1357 4318 an-

209 4342 321 4398 nalibus
341 4344 429 4398 XLIII
448 4366 475 4416 p.
490 4354 542 4402 236
557 4365 617 4416 sqq.
637 4350 666 4402 et
686 4365 703 4402 a
721 4348 754 4404 K.
773 4349 803 4404 P.
825 4349 955 4404 Schulaio
975 4351 1003 4404 in
1022 4350 1247 4406 hebdomadibus
1267 4353 1357 4422 philo-

209 4428 310 4498 logieis
329 4433 368 4486 Ill
389 4439 483 4504 (1886)
501 4455 528 4505 p.
544 4443 596 4491 203
611 4456 652 4504 sq.
672 4439 806 4506 prolatas.

1130 4537 1142 4582 1
