3346 4934
719 283 934 346 -13-

253 441 348 505 aliter
381 443 419 506 de
453 442 578 507 duabus
608 441 758 526 epistulis
787 442 827 505 ad
856 443 991 506 eundem
1019 440 1170 506 Iasonem
1198 442 1284 506 datis
1312 443 1401 526 loqui

256 571 322 613 non
349 549 495 633 potuisse
525 549 768 614 deliberandum
792 553 851 633 est,
874 549 938 614 nisi
962 549 1067 614 dicere
1091 550 1202 614 vellet:
1227 549 1402 616 ‘scribimus

256 657 338 738 qaod
358 656 434 722 Iaso
458 657 538 738 ἱεραί
560 657 721 720 etiterum
743 657 905 721 scribimus
927 657 1009 738 qaod
1025 657 1101 721 Iaso
1122 655 1228 741 lepat'3
1252 678 1315 740 quo
1335 657 1401 740 qui-

254 763 327 826 dem
345 763 429 827 nihil
448 763 596 847 profecto
616 762 767 827 stolidius
788 767 874 826 esset
895 767 992 847 atque
1009 763 1201 847 perversius.
1238 761 1310 828 Hoc
1329 785 1402 827 con-

254 892 344 934 cesso
374 869 528 935 Ovidium
557 892 630 935 cum
659 869 816 934 scriberet
840 869 937 950 ‘qaod
957 869 1054 934 Paris
1082 869 1174 952 lepat'
1201 892 1268 935 non
1296 871 1401 934 solum

253 977 430 1061 epistulam
458 977 498 1041 ab
525 975 657 1040 Oenone
684 976 724 1039 ad
747 975 898 1039 Paridem
922 975 1070 1059 missam,
1097 979 1134 1038 ut
1156 977 1194 1059 ii,
1223 977 1278 1061 qui
1301 976 1403 1041 Lach-

254 1106 408 1148 mannum
433 1086 599 1148 auctorem
619 1083 723 1147 secuti
743 1085 827 1165 sunt,
846 1082 1017 1166 perhibere
1037 1082 1152 1166 solent,
1173 1083 1402 1148 verumetiam

254 1191 429 1274 epistulam
453 1190 494 1254 ab
518 1189 645 1254 Helena
668 1190 707 1253 ad
732 1189 869 1254 eundem
892 1189 1002 1252 datam
1012 1225 1062 1254 .—
1089 1192 1139 1252 est
1163 1190 1403 1254 sextadecima

255 1298 340 1381 apud
363 1297 558 1362 Merkelium
575 1334 613 1342 -
630 1297 811 1380 respexisse
835 1295 1011 1362 verisimile
1036 1299 1095 1360 est.
1118 1294 1239 1378 ,Atque
1262 1317 1332 1360 rem
1355 1296 1403 1360 ita

256 1427 289 1468 se
321 1405 454 1487 habere,
488 1404 573 1488 quod
605 1403 672 1468 iam
699 1403 873 1469 Teuffelius
906 1403 927 1466 l.
946 1403 967 1466 l.
995 1402 1101 1467 causis
1135 1406 1245 1466 tamen
1273 1403 1402 1468 omissis

257 1511 501 1594 animadvertit,
524 1510 620 1594 plane
641 1510 774 1594 probari
798 1510 879 1574 mihi
903 1510 1030 1573 videtur
1054 1531 1149 1572 versu
1173 1509 1317 1574 eiusdem
1338 1533 1405 1575 car-

260 1616 356 1680 minis
385 1617 551 1682 tricesimo
581 1617 736 1702 septimo,
763 1616 821 1680 ubi
848 1619 946 1701 poeta
974 1616 1043 1679 fore
1072 1615 1132 1699 ait,
1160 1619 1197 1679 ut
1221 1615 1330 1681 Macer
1353 1639 1404 1681 res

256 1724 296 1787 ad
324 1724 446 1788 bellum
474 1725 640 1789 troianum
667 1724 867 1807 pertinentes
895 1725 1036 1787 tractare
1066 1725 1201 1786 conatus
1225 1727 1339 1806 sponte
1364 1723 1404 1787 ἃᾶ

255 1851 381 1895 amores
414 1831 562 1896 versibus
596 1831 805 1896 celebrandos
835 1853 868 1894 se
898 1832 1081 1913 convertat3
1113 1851 1189 1893 nam
1218 1829 1262 1893 *et
1284 1828 1404 1914 Paris',

255 1936 371 2021 inquit,
392 1936 451 2002 ‘est
469 1938 535 2003 illic
553 1943 582 2001 et
598 1939 748 2022 adultera,
766 1938 864 2002 aoba‘le
882 1935 1022 2001 crimea?
1045 1936 1074 2000 Ε
1094 1959 1190 2001 versu
1209 1939 1328 2019 autem,
1348 1937 1403 2020 qui

256 2045 418 2127 sequitur:

514 2132 558 2196 ‘et
579 2154 676 2198 eomes
698 2135 828 2198 extincto
851 2133 1027 2197 Laodamia
1049 2130 1133 2196 aira'

254 2254 379 2339 liquido
404 2278 559 2339 apparere
579 2257 722 2322 arbitror
745 2256 896 2322 Ovidium
920 2257 986 2321 iam
1009 2262 1081 2321 tum
1104 2256 1287 2342 epistulam,
1306 2279 1403 2340 quam

255 2385 274 2426 a
298 2362 476 2428 Laodamia
505 2363 544 2427 ad
568 2363 787 2428 Protesilaum
816 2365 950 2428 missam
978 2386 1048 2428 esse
1073 2363 1167 2426 linxit
1194 2399 1230 2408 -
1256 2363 1328 2428 loco
1353 2387 1404 2428 ex-

255 2473 322 2535 stat
349 2470 448 2535 tertio
473 2469 597 2534 decimo
623 2507 663 2516 —
694 2473 751 2533 aut
774 2470 995 2553 composuisse
1019 2474 1077 2533 aut
1101 2473 1187 2534 certe
1211 2492 1403 2554 componere
1436 2511 1441 2519 -

196 2583 203 2593 ’
255 2576 406 2640 voluisse.

346 2679 514 2744 Summam
541 2682 644 2766 igitur
672 2683 776 2747 totius
806 2684 1007 2766 quaestionis
1032 2706 1069 2748 eo
1094 2684 1197 2749 redire
1220 2706 1315 2748 nemo
1338 2706 1404 2749 non

257 2785 393 2872 videbit,
420 2791 458 2851 ut
482 2787 611 2851 easdem
634 2810 700 2872 res,
728 2809 810 2871 quae
834 2789 946 2854 insunt
969 2791 1004 2855 in
1027 2791 1176 2874 epistulis
1199 2791 1304 2855 nostri
1328 2791 1404 2855 libri

256 2892 370 2978 prima,
394 2895 547 2979 secunda,
576 2899 705 2979 quarta,
730 2895 857 2979 quinta,
881 2902 987 2982 sexta,
1012 2898 1164 2983 septima,
1188 2898 1325 2982 decima,
1348 2920 1405 2962 un-

256 2999 393 3085 decima,
418 3001 620 3087 duodecima,
644 3001 743 3066 tertia
767 3002 904 3088 decima,
928 3008 1020 3068 sexta
1044 3003 1181 3086 decima,
1209 3005 1345 3088 denique
1369 3004 1404 3066 in

258 3104 408 3192 Sapphus
446 3109 587 3193 epistula
617 3108 717 3174 etiam
750 3109 867 3175 Ovidio
900 3112 940 3175 ad
978 3111 1186 3176 tractandum
1217 3111 1404 3195 propositas

255 3213 356 3279 fuisse
380 3219 541 3299 putemus.
873 3206 878 3214 ¹
919 3214 921 3218 ’

346 3321 417 3386 Iam
436 3323 566 3388 exsistit
584 3324 646 3388 hoc
664 3324 737 3389 loco
755 3326 903 3408 quaestio
924 3327 1082 3409 quaedam
1096 3323 1310 3408 subdifficilis,
1330 3323 1404 3388 Ovi-

257 3427 329 3492 dius
353 3429 389 3493 in
412 3430 553 3494 carmine
576 3434 776 3514 pertractato
793 3429 917 3516 (Amor.
933 3431 966 3495 ΙΙ
983 3433 1038 3518 18)
1057 3436 1167 3496 utrum
1187 3451 1308 3514 omnes,
1323 3452 1404 3515 quas

258 3557 412 3619 umquam
437 3536 590 3619 condidit,
613 3537 761 3601 heroides
787 3560 829 3601 an
851 3539 1024 3603 nonnullas
1048 3560 1159 3603 earum
1177 3537 1403 3601 nominaverit.

258 3640 310 3706 Ad
339 3665 437 3727 quam
466 3643 653 3708 solvendam
680 3644 872 3727 priusquam
895 3645 1135 3730 adgrediamur,
1163 3645 1404 3710 diiudicandum

258 3753 316 3832 est,
334 3751 489 3814 num‘illo
510 3753 656 3834 tempore
679 3754 777 3834 poeta
795 3751 945 3839 heroides
964 3752 1030 3816 iam
1047 3751 1170 3835 publici
1189 3753 1269 3816 iuris
1289 3752 1403 3817 fecerit

257 3856 307 3920 vel
332 3856 493 3921 adfinem
516 3857 712 3941 perduxerit.
759 3857 845 3922 Nam
869 3859 897 3922 si
921 3859 1080 3943 epistulae
1103 3881 1169 3923 non
1193 3881 1304 3924 omnes
1332 3882 1404 3924 con-

258 3963 399 4046 scriptae
419 3970 521 4048 erant,
546 3965 692 4029 omnium
709 3966 853 4030 nondum
872 3967 1070 4031 mentionem
1090 3966 1196 4031 facere
1215 3967 1333 4051 potuit,
1352 3967 1403 4031 sin

257 4074 350 4135 erant
381 4070 597 4154 conscriptae,
626 4075 712 4136 certe
742 4072 886 4138 omnium
910 4072 1027 4138 titulos
1051 4073 1177 4137 adferre
1200 4073 1323 4157 potuit,
1348 4074 1403 4137 sed

257 4199 322 4241 non
351 4176 471 4243 debuit.
517 4175 567 4240 Ac
590 4176 818 4244 Lachmannus
843 4180 973 4262 quidem
995 4180 1015 4243 l.
1034 4180 1054 4242 l.
1080 4180 1128 4243 ita
1151 4180 1189 4244 de
1213 4179 1274 4244 hac
1298 4201 1331 4243 re
1356 4201 1404 4242 ar-

204 4367 206 4370 ,
258 4289 477 4368 gumentatur,
496 4286 534 4347 ut
553 4306 627 4349 cum
645 4288 752 4349 totum
772 4286 941 4351 heroidum
961 4287 1082 4351 librum
1096 4287 1207 4371 paullo
1227 4291 1304 4371 post
1322 4287 1403 4351 illud

258 4394 400 4474 tempus,
431 4413 494 4475 quo
524 4391 592 4454 eius
626 4394 824 4456 mentionem
851 4393 886 4457 in
913 4392 1092 4458 Amoribus
1120 4398 1219 4478 poeta
1246 4393 1404 4477 iniecerit,
