3326 4930
756 269 1066 384 -ro--v

382 504 471 566 quem
496 484 552 548 teto
573 482 677 564 taliae
699 481 822 563 hospita
839 501 940 563 paene
963 481 1066 545 dulit?

389 590 473 670 0010
495 591 602 672 loquor
624 589 831 670 Hermionen,
854 588 930 669 qaid
953 592 992 669 te,
1016 587 1173 653 sctoeucia
1195 589 1294 670 cispa,

296 713 348 762 400
386 702 482 781 00000,
506 715 665 780 mpccaceo
689 693 828 759 Phoebas
852 698 959 758 amata
981 693 1075 758 dccci?

389 804 473 884 Quid
494 803 630 868 Danaen
654 801 840 883 Danaesque
862 819 978 866 aarum
1001 806 1187 882 matremque
1210 801 1310 884 Lyaei

383 912 608 992 Haemonaque
629 914 659 973 et
680 913 793 992 000000,
815 929 893 990 qaue
916 909 1010 973 coiere
1033 908 1137 973 covas?

386 1018 471 1098 Quid
488 1037 634 1101 cenerum
657 1015 774 1098 Peliae,
797 1016 874 1097 quiet
897 1015 1024 1093 lbesea,
1049 1016 1157 1097 quidue
1180 1013 1361 1098 Pelasgum,

385 1126 512 1190 iliacam
536 1109 634 1206 atati
654 1124 709 1204 qai
731 1127 798 1186 rate
815 1123 941 1204 primas
964 1123 1116 1187 bamam?

295 1249 348 1299 400
386 1233 460 1298 Hac
482 1231 548 1296 Iole
571 1230 744 1314 Pyrrhique
762 1249 892 1312 parcae,
915 1229 974 1294 hac
996 1229 1143 1296 Herculis
1165 1249 1260 1307 acor,

385 1338 443 1403 tuo
466 1339 589 1403 accedat
609 1337 728 1421 Hylas,
751 1336 928 1418 Iliadesque
947 1335 1045 1418 puer?

386 1447 432 1510 Et
456 1446 599 1531 primum
629 1444 759 1527 quidem
787 1443 850 1508 hoc
877 1443 950 1508 loco
973 1443 1159 1508 fabularum
1183 1443 1299 1509 titulos
1323 1442 1443 1507 inveni-

296 1577 382 1637 mus,
412 1553 467 1637 qui
496 1556 553 1618 aut
581 1554 670 1616 certo
694 1555 752 1614 aut
781 1572 908 1614 summa
932 1572 1005 1615 cum
1028 1549 1263 1635 probabilitate
1287 1549 1444 1615 0010001-

295 1662 404 1746 pidem
438 1659 583 1724 revocari
617 1662 745 1742 queant.
794 1655 877 1722 Sunt
911 1661 1020 1722 autem
1048 1657 1097 1722 hi:
1131 1681 1159 1723 0.
1183 1657 1249 1722 384
1281 1655 1376 1722 Atio<
1404 1657 1443 1722 cf.

296 1767 416 1832 Nauck
444 1767 541 1852 frgm.
565 1769 672 1850 tragg.
696 1785 743 1850 gr.
767 1785 841 1850 pag.
865 1765 939 1830 201.
969 1789 996 1830 0.
1017 1764 1080 1829 381
1097 1787 1145 1848 00.
1169 1767 1301 1844 Μήδεια.
1330 1788 1358 1830 0.
1379 1765 1440 1829 391
1572 1835 1574 1840 ,
1649 1857 1650 1874 ,

299 1879 431 1955 Κρῆεεαι
469 1871 523 1960 (cf.
553 1871 671 1937 Nauck
699 1893 774 1955 pag.
801 1869 881 1957 401)
919 1872 970 1936 vel
1004 1871 1147 1936 eiusdem
1179 1874 1373 1951 Πλειεθένη(
1405 1872 1444 1936 01.

296 1980 413 2046 Nauck
437 2001 510 2064 pag.
530 1980 605 2044 438.
651 2002 679 2043 0.
700 1979 765 2044 395
785 2000 831 2063 sq.
856 1977 1019 2062 Ὀρέετη(;
1042 1977 1183 2042 fortasse
1208 1978 1308 2042 etiam
1331 2001 1359 2073 0.
1379 1978 1444 2043 402

297 2086 465 2170 Euripidis
486 2085 653 2170 Antigone
672 2089 705 2149 00
727 2108 795 2150 non
815 2082 1001 2169 Sophoclis,
1025 2086 1113 2169 quod
1133 2085 1345 2150 manifestum
1364 2085 1448 2149 vide-

297 2199 352 2259 tur
384 2191 455 2256 fieri
488 2215 527 2256 ex
559 2195 751 2277 argumento
786 2192 825 2255 ad
854 2191 938 2256 hanc
970 2190 1117 2256 fabulam
1150 2193 1191 2256 ab
1225 2191 1445 2276 Aristophane

299 2299 498 2386 composito,
531 2300 617 2384 quod
648 2298 750 2362 habes
784 2300 869 2382 apud
897 2297 1083 2364 Nauckium
1111 2321 1185 2384 pag.
1214 2301 1288 2364 322.
1341 2299 1443 2363 Porro

297 2432 327 2474 0.
346 2408 412 2473 403
428 2429 473 2491 00.
512 2405 654 2471 Alcestis
681 2409 714 2468 00
733 2404 935 2470 Protesilaus
960 2405 1014 2491 (01.
1039 2405 1164 2470 Nauck.
1188 2427 1262 2491 pag.
1283 2407 1348 2470 443
1363 2409 1445 2490 sqq.)

300 2538 329 2579 0.
353 2513 418 2578 405
446 2513 486 2576 τὰ
514 2512 628 2590 (κύρια
657 2509 789 2596 (Nauck
816 2533 890 2597 pag.
913 2511 979 2577 452
1004 2511 1081 2597 00.);
1117 2513 1259 2577 forsitan
1286 2513 1444 2592 Ἡρακλῆ(

303 2619 496 2700 μαινόμενος
519 2617 627 2682 000010
653 2617 815 2684 ‘Herculis
837 2619 930 2684 naoo’
954 2619 1123 2686 indicetur.

388 2725 512 2790 Deinde
537 2722 709 2809 Sophoclis
733 2725 862 2790 fabulae
882 2727 1032 2791 videntur
1055 2727 1233 2813 significari
1255 2751 1305 2793 vv.
1323 2727 1388 2794 385
1399 2750 1445 2813 sq.

300 2838 333 2899 00
356 2834 420 2898 389
437 2854 484 2916 sq.
508 2836 541 2896 00
561 2832 691 2916 quidem
708 2833 914 2913 Ἱπποδάμεια
933 2837 966 2899 00
983 2834 1104 2912 Τηρεύ(
1128 2831 1180 2917 (01.
1195 2831 1322 2900 Nauck.
1335 2859 1366 2919 p.
1384 2833 1446 2900 185

300 2946 333 3007 00
357 2942 422 3006 204
438 2938 510 3025 00),
534 2963 608 3005 cum
631 2963 659 3005 v.
682 2940 748 3006 405
772 2940 865 3005 Iolen
893 2942 933 3006 ad
961 2941 1105 3005 eiusdem
1128 2940 1318 3006 Trachinias
1342 2941 1446 3007 redire

300 3048 368 3113 veri
393 3047 438 3111 sit
461 3046 672 3111 simillimum.
1510 3045 1513 3049 ’

390 3152 505 3237 Neque
529 3175 605 3217 0000
630 3152 812 3237 Aeschylus
836 3154 936 3237 deest,
960 3155 1000 3218 ad
1024 3155 1275 3234 0010οΕεμέλην
1298 3156 1447 3235 ἢὙδρο-
1502 3217 1505 3224 ,

300 3261 424 3340 φόρου(
438 3260 600 3344 pertinere
615 3261 760 3345 putanda
775 3265 852 3326 sunt
865 3262 964 3327 verba
978 3262 1044 3346 illa,
1060 3283 1184 3346 00000.
1199 3264 1262 3327 401
1280 3262 1446 3347 leguntur:

301 3366 500 3448 ‘matremque
523 3365 638 3450 Ispaei'
663 3365 716 3450 (cf.
736 3366 861 3433 Nauck.
885 3392 915 3452 p.
931 3369 973 3433 56
989 3366 1082 3454 000).

392 3473 441 3538 De
474 3473 610 3559 tragicis
644 3477 753 3537 autem
786 3474 910 3538 minore
938 3475 1032 3538 laude
1056 3475 1264 3562 florentibus,
1294 3477 1378 3542 sicut
1408 3478 1446 3541 de

300 3579 509 3664 Neophronis
538 3581 590 3668 001
617 3580 707 3645 Bioti
734 3582 785 3646 001
814 3581 943 3646 0000101
973 3581 1087 3648 Medea
1111 3583 1159 3668 (in
1182 3608 1211 3650 0.
1231 3583 1309 3667 381)
1343 3587 1376 3648 00
1409 3584 1447 3648 de

301 3687 458 3751 Philoclis
483 3685 602 3770 fabula,
629 3673 711 3771 0000
735 3686 842 3768 ’Ἔποψ
865 3689 1106 3755 inscribebatur
1129 3688 1178 3777 (in
1201 3715 1229 3756 0.
1248 3691 1327 3777 389)
1343 3709 1446 3755 'nemo

302 3793 386 3858 serio
407 3793 582 3879 cogitabit,
600 3794 792 3876 pracsertim
812 3817 885 3859 cum
904 3795 1038 3882 reliqua,
1062 3819 1143 3881 quae
1163 3798 1210 3861 ibi
1227 3799 1448 3881 nominantur,

303 3901 440 3986 originis
477 3901 620 3965 incertae
653 3901 802 3966 dramata
839 3902 948 3966 omnia
985 3902 1041 3966 uni
1080 3904 1178 3969 alicui
1211 3927 1227 3968 0
1260 3903 1447 3990 tragoediae

302 4029 437 4092 graecae
461 4007 641 4072 triumviris
664 4007 826 4091 impertiri
849 4031 945 4092 posse
969 4009 1145 4075 resciverit.
1182 4011 1316 4075 Etenim
1340 4034 1368 4076 0.
1384 4011 1447 4075 383

303 4113 489 4179 referendus
527 4115 656 4180 videtur
693 4118 749 4178 000
786 4116 827 4179 ad
859 4114 1026 4200 Euripidis
1058 4117 1277 4203 Hippolytum
1314 4121 1370 4182 aut
1408 4118 1448 4182 ad

302 4220 484 4286 Phaedram
513 4219 684 4304 Sophoclis
716 4220 769 4305 (cf.
803 4221 920 4286 Nauck
942 4246 972 4307 p.
1001 4225 1066 4289 222
1089 4221 1167 4309 00.);
1203 4225 1298 4290 facile
1338 4228 1447 4290 autem

302 4327 375 4391 fieri
385 4328 504 4412 potuit,
519 4332 556 4392 ut
567 4328 701 4393 Ovidius
712 4332 887 4414 utrumque
902 4335 1075 4418 spectaret,
1090 4332 1174 4397 01000
1189 4332 1329 4396 10000000
1343 4356 1371 4398 0.
1383 4332 1447 4397 395

302 4433 473 4517 000100000
497 4435 663 4499 Electram
687 4458 714 4499 0.
739 4437 803 4501 308
836 4435 1002 4522 Euripidis
1036 4440 1227 4520 (θενέβοιαν
1254 4436 1308 4525 (cf.
1332 4437 1449 4504 Nauck
