3326 4930
751 291 973 356 ,72-

290 451 380 518 Idem
404 477 431 519 v.
458 456 475 518 7
509 458 543 518 et
576 453 620 518 55
652 456 739 517 reate
771 452 927 517 Aeacides
959 451 1156 536 appellatur,
1190 473 1263 516 cum
1295 449 1438 535 Peleum,

289 581 385 624 avum
411 560 493 644 eius,
525 560 624 625 Aeaci
648 560 752 624 filium
774 559 875 623 fuisse
898 581 994 623 nemo
1012 558 1147 643 nesciat,
1170 557 1219 622 ita
1241 561 1279 623 ut
1303 555 1436 621 Ovidius

290 690 349 732 suo
381 667 450 731 iure
483 689 602 732 nornen
635 667 715 730 iIIud
747 666 869 751 gentile
900 669 933 730 et
961 665 1059 730 Peleo
1087 665 1150 750 ipsi
1181 662 1274 751 (Met.
1297 662 1344 727 XI
1364 665 1439 728 227.

290 775 364 838 246.
388 775 462 839 250.
486 776 561 839 274.
585 775 658 839 389.
686 774 766 853 400)
800 777 833 836 et
862 772 999 856 Achilli,
1030 772 1099 837 filio
1133 771 1201 836 eius
1232 770 1322 853 (Her.
1346 769 1362 832 I
1386 770 1438 836 35.

289 879 361 945 Art.
386 903 446 945 am.
470 879 487 945 Ι
511 883 557 946 17.
595 877 672 944 Met.
696 879 765 944 XII
784 881 835 944 96.
873 877 963 944 Xast.
986 879 1017 944 V
1038 880 1111 944 390.
1140 876 1436 942 exPont.11341

291 992 324 1052 et
353 985 496 1075 saepius)
525 987 688 1052 indiderit.
741 984 893 1051 Ceterum
922 985 1068 1070 Pyrrhus
1102 986 1215 1049 eodem
1245 984 1438 1069 cognomine

293 1093 444 1179 signatur
473 1096 558 1178 apud
583 1094 705 1180 Vergil.
729 1094 808 1158 Aen.
828 1094 881 1158 III
902 1094 976 1158 296.
1024 1091 1148 1157 Similis
1177 1095 1228 1156 est
1250 1089 1362 1156 Aeacii
1386 1113 1439 1174 ap-

293 1199 439 1284 pellatio,
463 1220 561 1283 quam
583 1200 685 1264 habes
708 1201 744 1265 in
766 1221 795 1264 v.
815 1203 866 1266 33.

380 1306 466 1370 Eum
489 1306 610 1390 Iocum,
639 1328 702 1391 quo
727 1307 872 1391 Pyrrhus
901 1307 1046 1391 primum
1077 1306 1183 1370 lucem
1205 1305 1345 1370 intuitus
1369 1328 1439 1370 esse

292 1413 420 1496 dicitur,
444 1416 542 1496 poeta
566 1412 745 1503 significari
768 1414 873 1478 voluit
897 1411 1006 1478 verbis
1031 1411 1144 1496 ‘seprio
1170 1412 1328 1496 membra’,
1357 1435 1439 1497 quac

293 1523 424 1585 exstant
447 1542 476 1584 u.
497 1521 569 1584 112.
606 1518 656 1584 De
685 1521 796 1585 eadem
824 1543 858 1584 re
883 1517 1017 1584 Ovidius
1043 1521 1113 1585 Art.
1144 1543 1205 1584 arn.
1229 1519 1245 1584 I
1265 1521 1441 1586 682-704

295 1625 462 1692 verbosius
486 1627 640 1710 quuitur.

383 1732 476 1809 Quod
504 1731 681 1798 Hermione
705 1757 732 1798 v.
761 1735 801 1798 13
823 1733 1078 1813 Andromachen
1107 1732 1284 1798 aGraccis
1313 1734 1442 1798 victori·

294 1843 355 1905 bus
380 1843 530 1904 vexatam
553 1862 623 1904 esse
647 1843 773 1923 narrat,
803 1840 866 1905 hoc
889 1840 1039 1924 inprimis
1062 1841 1226 1925 pertinere
1250 1841 1379 1905 videtur
1402 1841 1442 1905 ad

294 1946 506 2031 Astyanactis
539 1947 631 2031 pueri
665 1947 810 2031 caedem,
843 1947 934 2012 cuius
964 1947 1098 2012 Ovidius
1130 1970 1254 2013 mernor
1276 1947 1340 2012 fuit
1364 1947 1442 2012 Met.

297 2052 380 2118 XIII
399 2053 465 2118 415
480 2075 564 2137 sqq.:

428 2177 580 2243 ‘mtttttor
602 2179 770 2263 Astyanax
792 2179 857 2244 aaa
880 2181 915 2244 de
938 2180 1088 2256 turribus,
1109 2182 1191 2246 uada

423 2290 615 2368 maantam
632 2306 693 2369 pro
715 2307 747 2350 se
763 2286 967 2368 proavitaque
989 2307 1085 2369 repara
1108 2291 1239 2352 tuentem

429 2411 518 2474 saepe
539 2393 639 2457 uidae
657 2397 778 2473 patrem
800 2396 1005 2456 monstratam
1027 2412 1048 2456 a
1070 2397 1169 2458 matre
1190 2392 1327 2458 soletat'.

386 2515 434 2583 (if.
462 2515 562 2580 etiam
586 2515 667 2579 Ibid.
691 2515 766 2579 494.
811 2513 852 2578 In
879 2516 992 2580 eodem
1021 2517 1331 2602 metamorphoseon
1358 2519 1443 2584 libro

299 2641 327 2690 v.
342 2626 407 2690 412
423 2645 492 2707 sqq.
530 2622 673 2687 Troades
692 2621 727 2686 in
747 2622 938 2687 servitutem
958 2623 1115 2688 abductas
1136 2646 1206 2689 esse
1224 2617 1313 2690 hisce
1334 2625 1443 2690 verbis

222 2737 227 2743 ’
301 2731 400 2796 refert
423 2734 533 2814 poeta:

433 2853 657 2920 ‘Dardanidas
679 2859 794 2920 matres
809 2855 990 2938 patriorum
1012 2857 1103 2939 siqua
1125 2857 1251 2922 dearum

431 2964 505 3028 aaa
529 2963 610 3045 ticet,
634 2963 792 3044 amplexas
814 2981 1015 3044 succensaque
1038 2964 1152 3045 tempta
1175 2969 1306 3030 aarum

432 3069 587 3134 Inuidiosa
610 3068 738 3134 trahant
759 3069 885 3134 victores
902 3070 1049 3150 praemia
1073 3068 1210 3136 Graeci'.

388 3193 531 3278 Bellum,
559 3192 644 3275 quod
669 3191 785 3257 Graeci
814 3193 854 3256 ad
876 3192 1036 3257 Helenam
1064 3197 1316 3279 recuperandam
1340 3217 1446 3282 gesse-

299 3304 391 3383 runt,
418 3322 447 3364 v.
470 3299 508 3363 19
538 3298 681 3362 breviter
709 3305 1000 3364 commemoratum
1032 3300 1165 3365 Ovidius
1194 3302 1383 3368 duodecimo
1412 3308 1445 3368 et

299 3407 398 3472 tertio
422 3405 546 3470 decimo
576 3403 885 3489 metamorphoseon
913 3407 997 3471 Iibro
1027 3407 1098 3471 fuse
1126 3408 1307 3494 descripsit.
1354 3411 1445 3475 Idem

299 3511 483 3578 Menelaum
511 3511 624 3577 laudat
648 3512 719 3577 Art.
744 3535 805 3577 arn.
829 3511 880 3576 ΠΙ
900 3514 981 3597 253,
1010 3514 1096 3596 quod
1120 3516 1292 3601 coniugem
1315 3519 1445 3602 raptam

299 3619 481 3705 repetierit:

460 3725 604 3804 ‘Helena
627 3746 721 3808 qaam
743 3747 806 3791 aaa
828 3727 931 3810 statie,
955 3724 1104 3810 Menelao,
1127 3725 1285 3808 reposats'.

388 3849 530 3914 Navium
563 3872 690 3934 quoque
721 3874 875 3916 numerus
881 3902 890 3937 ‚
927 3873 1064 3936 quarum
1100 3849 1241 3916 Graecos
1278 3848 1368 3918 mille
1406 3849 1445 3917 ad

298 3957 430 4022 Troiam
452 3957 606 4022 habuisse
630 3981 658 4022 v.
678 3959 720 4023 23
744 3959 893 4044 legimus,
917 3962 1066 4023 accurate
1091 3959 1243 4045 congruit
1267 3982 1342 4024 cum
1366 3955 1443 4023 Met.

298 4063 402 4129 XIII
428 4067 461 4128 et
484 4061 566 4127 XIII
589 4065 660 4146 182,
685 4086 757 4127 cum
782 4065 867 4149 apud
885 4064 1067 4129 Homerum
1086 4063 1175 4128 mille
1200 4069 1332 4129 centum
1357 4070 1442 4131 octo-

301 4171 393 4258 ginta
417 4193 472 4235 sex
496 4171 679 4254 computari
704 4174 841 4235 constet.

387 4277 494 4343 Versu
517 4277 561 4341 45
583 4277 730 4361 loquitur
751 4281 850 4361 poeta
874 4278 913 4342 de
936 4277 1192 4364 Agamemnonis
1216 4277 1369 4363 imperio:

462 4401 658 4468 ‘raamias
681 4402 781 4468 arants
803 4403 963 4486 apscmqaa
984 4403 1104 4487 repebat
1124 4402 1290 4470 nattam'
