3326 4930
716 271 941 335 -118-

348 431 477 496 v.107:

393 554 467 620 ‘illo
488 576 553 638 epo,
575 576 653 637 quac
676 555 731 619 tibi
752 575 821 620 sam
844 575 927 619 roano
948 555 1075 636 anua
1097 555 1233 620 borbore
1253 552 1361 635 forto?

350 679 411 744 Sed
438 680 472 743 in
499 680 551 744 his
579 683 719 744 nonest
743 679 982 763 offendendum,
1014 701 1088 744 cum
1117 683 1150 744 et
1178 679 1213 743 in
1235 682 1407 744 metamor-

259 786 417 872 phosibus
446 790 529 850 teste
559 783 773 872 Schmidtio¹)
805 789 838 850 et
868 786 902 850 in
932 784 1048 851 ceteris
1081 785 1177 864 Ovidi
1208 785 1407 851 carminibus

260 893 343 957 tales
366 914 478 957 versus
502 892 714 978 reperiantur.
751 891 800 958 Of.
823 892 920 970 modo
944 891 1055 958 Amor.
1075 891 1091 956 I
1111 893 1141 975 6,
1160 893 1216 957 57:

394 998 466 1064 ‘ool
486 1020 538 1082 opo
561 1000 627 1064 rom
646 1000 787 1082 ferroque
805 1001 952 1081 paratior
974 996 1058 1081 ipsa'

354 1123 388 1187 Il
408 1126 438 1208 8,
457 1123 486 1188 5.
516 1123 588 1189 Art.
608 1128 705 1188 amat.
725 1124 741 1189 Ι
761 1125 825 1189 293
849 1127 883 1189 et
906 1124 1028 1189 multos
1052 1124 1134 1188 alios
1157 1124 1256 1189 locos.
1302 1123 1340 1188 In
1363 1123 1409 1186 in·

261 1231 420 1296 dubitatis
444 1230 594 1314 epistulis
617 1233 697 1297 haec
721 1231 868 1317 exempla
892 1235 1066 1296 occurrunt
1091 1230 1199 1296 1129:

397 1337 509 1402 ‘anam
532 1339 567 1404 ia
589 1360 637 1405 mc
657 1340 754 1420 scelos
775 1343 827 1422 est,
848 1339 931 1422 qaod
953 1343 979 1403 to
1000 1339 1140 1404 soclaote
1161 1335 1279 1420 recepi?

351 1460 399 1526 IV
421 1462 498 1526 114:

396 1567 478 1634 ‘sora
500 1590 554 1636 aa
575 1568 648 1636 raa
669 1571 713 1635 ao
733 1591 790 1635 as
812 1571 943 1653 laruae,
965 1571 1047 1634 veno
1069 1570 1107 1634 aa
1130 1535 1205 1635 orl’

349 1693 380 1759 V
402 1694 479 1759 lll:

302 1821 308 1826 ·
395 1801 440 1864 ‘ct
461 1803 565 1866 minus
587 1807 631 1866 ost
652 1803 687 1867 a
710 1807 744 1885 te,
767 1822 861 1883 quom
883 1821 1006 1867 summo
1023 1803 1148 1884 pondos
1169 1800 1291 1866 cristo?

350 1924 465 1990 Altera
488 1927 540 1990 lex
563 1930 622 2009 est,
645 1929 683 1990 ut
706 1925 740 1989 in
762 1925 826 1989 fine
851 1924 973 1990 ordinis
997 1925 1136 2009 metrici,
1160 1947 1314 1990 numerus
1338 1925 1408 1990 eius

262 2033 413 2118 proprius
433 2033 608 2119 diligenter
626 2033 817 2117 retineatur,
837 2033 895 2116 qni
915 2032 1045 2118 quidem
1064 2033 1227 2116 turbatur,
1246 2032 1274 2096 si
1292 2032 1409 2096 ultima

263 2141 385 2205 ordinis
410 2140 537 2226 syllaba
560 2144 690 2206 constat
713 2140 872 2205 vocabulo
896 2139 1133 2224 monosyllabo,
1162 2138 1321 2204 vocabulo
1344 2161 1411 2203 non

263 2248 488 2332 monosyllabo
516 2248 742 2332 praecedente,
773 2246 837 2311 nisi
864 2248 927 2311 hoc
960 2251 1011 2310 est
1042 2245 1315 2332 pyrrhichiacum.
1362 2244 1410 2311 Of.

263 2354 298 2440 L.
318 2354 456 2419 Mueller
474 2355 494 2418 l.
513 2355 534 2420 l.
552 2378 583 2439 p.
603 2355 667 2420 208
683 2377 730 2439 sq.

351 2461 461 2546 Atque
488 2461 523 2526 in
550 2483 607 2526 sex
634 2461 699 2525 illis
727 2460 915 2526 heroidibus
943 2460 1069 2545 priores
1095 2461 1240 2525 omnium
1262 2461 1411 2526 hexame-

263 2572 389 2632 trorum
412 2572 522 2652 partes
546 2567 705 2653 legitimis
730 2566 924 2632 clauduntur
946 2567 1124 2632 vocabulis.

352 2673 465 2758 Neque
484 2696 560 2739 vero
580 2675 621 2738 ab
641 2695 679 2738 ea
698 2673 930 2739 consuetudine
950 2674 1095 2739 videmus
1115 2673 1312 2739 declinatum
1331 2697 1410 2759 esse,

263 2785 301 2845 ut
329 2780 487 2845 secundus
515 2802 572 2864 pes
600 2802 666 2845 non
696 2780 866 2864 dactylicis
900 2784 933 2845 et
961 2779 1068 2844 minus
1097 2781 1197 2845 etiam
1226 2781 1410 2866 spondiacis

263 2886 371 2952 verbis
395 2887 481 2952 effici
504 2886 622 2971 soleat,
652 2887 680 2953 si
704 2887 748 2952 sit
772 2887 1038 2972 semiseptenaria
1061 2885 1243 2974 caesura¹),
1266 2889 1409 2973 exceptis

263 2995 389 3059 duobus
412 2994 493 3060 locis
517 2993 600 3058 XIII
624 3018 652 3060 v.
674 2995 728 3060 13:

398 3103 548 3168 ‘Hectora
571 3104 670 3168 oosorb
692 3123 780 3184 qoem
803 3103 910 3166 broco:
933 3091 1030 3166 Poris
1052 3101 1188 3168 Hectora
1210 3102 1308 3168 dioro

264 3213 297 3273 et
320 3232 348 3273 v.
368 3209 424 3274 93:

397 3314 481 3381 ‘sors
503 3337 619 3398 qaoque
640 3316 739 3404 racio
762 3335 850 3396 qoem
871 3315 938 3395 foto
960 3316 1102 3397 dmipoot
1122 3316 1250 3398 iniquo?

353 3439 446 3517 Quod
460 3464 498 3506 ea
516 3442 555 3506 de
574 3463 672 3506 causa
690 3439 860 3504 tolerabile
879 3440 1059 3524 putandum
1075 3443 1134 3524 est,
1158 3441 1233 3524 quia
1252 3441 1410 3506 vocabula

264 3545 394 3613 ‘nescio'
414 3551 448 3612 et
467 3546 566 3630 ‘qais’
587 3547 621 3610 in
634 3570 734 3611 unum
755 3546 847 3631 quasi
867 3547 1017 3611 videntur
1036 3547 1204 3612 coaluisse.
1241 3545 1295 3612 Sic
1310 3547 1409 3611 etiarn
1480 3605 1482 3608 .

265 3654 401 3719 Ovidius
415 3655 450 3719 in
464 3653 785 3738 metamorphosibus
801 3654 913 3717 eadem
928 3654 1092 3718 locutione
1106 3676 1184 3718 usus
1204 3658 1254 3718 cst
1268 3652 1316 3717 Vl
1332 3656 1409 3721 382:

303 3784 310 3792 “
398 3761 458 3827 ‘sic
479 3763 533 3826 abi
554 3763 652 3826 acsoo‘o
676 3762 745 3842 poa
769 3760 848 3844 lycio
871 3763 906 3826 de
925 3766 1012 3845 orate
1034 3759 1192 3825 virorum?

354 3886 420 3951 VII
440 3886 495 3950 62:

397 3992 490 4076 ‘qood
510 3995 592 4076 qaod
612 3994 711 4058 nescio
733 3994 788 4074 qai
810 3993 919 4057 mediis
941 3992 1096 4056 lacunae
1118 3993 1153 4055 ln
1175 3988 1283 4055 omlis'

264 4123 298 4184 et
321 4119 458 4202 saepius.
736 4099 738 4106 Ι
1061 4099 1066 4116 ’

356 4312 381 4380 l)
399 4311 429 4365 L.
448 4310 467 4364 l.
486 4329 505 4380 p
529 4316 571 4364 20.

353 4403 380 4466 2)
400 4397 439 4453 Of.
459 4399 487 4453 L.
509 4399 626 4453 Mueller
644 4400 661 4454 l.
681 4400 699 4454 l.
720 4417 746 4468 p.
762 4405 823 4455 212.
