3346 4934
771 312 987 376 ,34-

308 471 457 537 Iasonem
480 494 546 536 non
570 472 665 536 modo
691 493 724 536 se
748 472 782 535 in
805 472 916 536 uxoris
939 472 1047 537 locum
1069 475 1310 559 restituturum,
1334 477 1390 540 sed
1413 500 1452 541 ne

307 581 410 644 vellus
435 580 564 664 quidem
588 601 721 643 aureum
741 579 943 643 redditurum
963 602 1033 644 esse
1057 585 1158 664 putet.
1194 563 1340 667 hegibus
1365 584 1452 648 enim

308 691 379 751 tum
400 686 599 752 Graecorum
622 690 693 749 turn
713 685 936 750 Romanorum
960 691 1109 751 sanctum
1129 693 1207 772 erat,
1231 692 1268 752 ut
1286 689 1337 753 vir
1360 689 1454 754 uxori

308 794 335 858 si
360 798 481 858 temere
500 793 670 877 repudium
695 792 848 878 misisset,
871 794 982 857 dotem
1006 798 1173 877 acceptam
1197 793 1429 881 restitueret).

845 1006 912 1086 §a

398 1131 582 1203 Accedoad
597 1130 730 1194 tertiam
744 1130 902 1194 decimam
918 1130 1092 1213 epistulam
1103 1130 1311 1197 aLaodamia
1326 1133 1366 1197 ad
1376 1133 1452 1198 Pro-

308 1237 460 1301 tesilaum
476 1237 595 1320 datam,
615 1237 653 1302 de
674 1259 738 1320 qua
752 1235 907 1300 Lehrsius
924 1259 1121 1321 quamquam
1140 1238 1159 1302 l.
1175 1240 1194 1302 l.
1209 1262 1240 1322 p.
1256 1238 1452 1305 OOXXXIX

307 1344 461 1408 iudicium
481 1344 562 1417 satis
581 1343 730 1426 iniquum
749 1341 836 1426 fecit,
856 1347 966 1407 tamen
985 1366 1056 1407 eam
1076 1367 1140 1409 uno
1161 1345 1301 1410 disticho
1317 1351 1451 1431 excepto

306 1450 453 1514 versibus
473 1449 646 1542 adscriptis
665 1449 809 1534 negavit,
827 1471 897 1513 esse
917 1450 1160 1536 amplificatam,
1184 1452 1356 1516 sententiis
1375 1475 1452 1516 uon-

305 1579 473 1641 nunquam
498 1556 581 1620 male
601 1555 850 1621 cohaerentibus
869 1556 955 1621 inter
976 1579 1009 1621 se
1029 1557 1175 1622 mulieris
1200 1558 1452 1623 sollicitudinem

307 1664 394 1728 haud
418 1663 534 1728 inscite
558 1662 689 1747 depingi
714 1663 900 1727 concedens.

397 1767 530 1834 Summa
550 1772 660 1833 autem
679 1769 783 1832 totius
803 1769 956 1833 carminis
975 1770 1056 1834 hacc
1075 1770 1142 1835 fere
1162 1775 1228 1834 est:
1253 1769 1364 1836 Salute
1386 1795 1452 1837 ver-

306 1877 396 1940 sibus
422 1878 449 1940 1.
474 1878 494 1940 2
524 1875 703 1959 praemissa
733 1874 910 1939 Laodamia
940 1877 1068 1940 audisse
1100 1899 1170 1940 sese
1202 1877 1256 1941 ait.
1311 1876 1452 1943 Graecos

286 1983 422 2048 'Aulide
446 1983 551 2047 ventis
576 1982 718 2046 adversis
738 1982 821 2046 mari
844 1982 1012 2066 prohiberi
1032 1980 1074 2067 (v.
1094 1973 1146 2068 3).Ι
1178 1982 1269 2048 Idem
1293 1985 1321 2048 si
1340 1983 1453 2049 Prote·

305 2089 387 2154 silao
417 2090 513 2153 domo
541 2088 729 2173 profecturo
758 2087 943 2174 accidisset,
973 2088 1095 2154 diutius
1127 2111 1161 2154 se
1192 2089 1249 2153 illo
1281 2095 1451 2174 praesente

304 2196 370 2261 frui
396 2197 543 2280 potuisse
572 2192 619 2282 (v,
634 2192 769 2280 4-16).
816 2195 908 2260 Tunc
936 2219 1010 2260 cum
1033 2196 1139 2261 ventis
1170 2197 1318 2262 secundis
1343 2219 1377 2260 se
1402 2197 1450 2260 de-

305 2303 415 2388 disset,
440 2326 473 2367 se
497 2303 603 2387 ipsam
627 2303 736 2366 animo
760 2301 874 2366 lictam
898 2324 969 2366 esse
992 2307 1106 2367 narrat
1130 2299 1173 2387 (v.
1196 2303 1348 2384 17—26).
1386 2302 1452 2367 Me-

304 2410 367 2474 lius
395 2410 544 2495 profecto
567 2408 716 2473 futurum
744 2408 859 2492 fuisse,
889 2409 918 2473 si
949 2409 1112 2492 extemplo
1142 2409 1285 2473 animam
1309 2409 1448 2473 efflasset

306 2516 347 2602 (v.
363 2517 413 2582 27.
434 2514 500 2602 28).
538 2514 625 2579 Nam
649 2515 722 2578 inde
745 2537 784 2578 ex
809 2516 866 2579 illo
891 2519 1037 2598 tempore
1057 2517 1159 2580 vitam
1185 2538 1255 2581 sese
1275 2516 1389 2601 degere
1408 2515 1448 2578 ab

304 2622 472 2686 hilaritate
496 2627 593 2705 atque
617 2620 820 2685 iucunditate
845 2622 1036 2706 longissime
1056 2626 1215 2686 remotam
1235 2619 1279 2708 (v.
1296 2620 1451 2708 29-42).

304 2727 419 2812 Itaque
443 2728 569 2792 Paridis
599 2728 735 2792 devovet
764 2732 875 2813 caput,
906 2729 1025 2812 quippe
1056 2728 1112 2811 qui
1140 2730 1289 2793 dolorum
1318 2751 1452 2792 suorum

304 2838 418 2899 auctor
442 2835 486 2899 sit
505 2836 547 2920 (v.
566 2836 609 2900 43
620 2832 723 2920 -46).
762 2834 826 2899 Sed
849 2835 884 2898 in
902 2834 1043 2899 Menelai
1067 2856 1195 2918 quoque
1217 2857 1356 2918 persona
1378 2856 1451 2898 con·

304 2946 391 3006 stare
418 2964 551 3007 oausam
578 2941 732 3005 interitus
761 2943 939 3006 multorum
963 2939 1006 3027 (v.
1025 2942 1077 3005 47.
1100 2939 1168 3027 48).
1213 2939 1284 3004 Iam
1312 2944 1349 3003 ut
1377 2961 1450 3003 con-

303 3048 381 3112 iunx
405 3049 522 3112 saltem
544 3047 718 3112 incolumis
738 3049 857 3132 redeat,
881 3049 958 3113 deos
981 3051 1133 3132 precatur
1153 3046 1195 3132 (v.
1210 3047 1262 3110 49.
1283 3044 1348 3132 50).
1387 3043 1450 3110 Sed

304 3155 433 3218 anxiam
462 3176 532 3218 sese
561 3176 632 3218 esse
661 3155 824 3238 adfirmat,
853 3154 1144 3238 quotienscumque
1173 3153 1321 3217 debello
1345 3151 1451 3215 immi·

302 3263 400 3324 nente
430 3260 553 3344 cogitet
583 3258 625 3346 (v.
646 3259 802 3346 51-54).
855 3259 965 3324 Paridi
999 3261 1083 3325 eninr
1116 3264 1167 3324 sat
1198 3281 1334 3345 magnas
1364 3259 1449 3323 vires

304 3369 490 3452 suppetere,
522 3367 638 3433 itaut
669 3368 792 3452 optimc
823 3389 857 3431 se
890 3367 1059 3432 defendere
1092 3367 1198 3450 possit
1232 3365 1274 3453 (v.
1294 3364 1450 3449 55-62).

303 3472 443 3538 Maxime
467 3496 543 3538 vero
567 3497 601 3538 se
625 3476 666 3539 ab
690 3472 832 3539 Hectore
861 3479 1020 3539 metuere:
1052 3474 1138 3538 huno
1167 3478 1204 3538 ut
1232 3474 1352 3538 vitaret
1375 3471 1471 3535 Pro?

303 3579 438 3644 tesilaus
466 3581 667 3664 prospiceret
699 3584 796 3664 atque
826 3582 1013 3665 provideret
1042 3580 1084 3663 (v.
1104 3578 1250 3664 63—66)
1283 3601 1363 3644 neve
1393 3600 1449 3642 un-

303 3708 402 3770 quam
425 3688 540 3767 ,uxoris
569 3688 740 3753 immemor
768 3687 803 3750 in
830 3688 1010 3772 periculum
1036 3686 1221 3750 inconsulto
1246 3707 1279 3749 se
1303 3685 1450 3749 mitteret

302 3790 345 3880 (v.
365 3791 519 3880 67-78).
565 3795 678 3860 Etiam
706 3795 865 3860 Troianos
893 3795 1055 3858 rhetorice
1084 3793 1286 3874 cohortatur,
1313 3795 1351 3855 ut
1378 3790 1449 3854 viro

303 3923 361 3964 suo
392 3905 527 3984 parcant
558 3901 600 3986 (v.
622 3897 776 3986 79-84).
827 3900 936 3983 Atque
969 3922 1010 3963 ne
1042 3899 1141 3963 nimis
1174 3896 1384 3962 temerarium
1415 3916 1449 3957 sc

301 4011 457 4091 praestet,
481 4029 553 4071 eum
577 4007 686 4091 refert,
710 4029 783 4071 cum
808 4007 996 4089 discederet,
1025 4005 1140 4090 pedem
1165 4005 1205 4070 ad
1229 4003 1329 4067 limen
1353 4001 1450 4066 offen·

392 4255 417 4321 1)
438 4253 478 4307 ef.
497 4251 529 4307 K.
549 4251 592 4306 Fr.
612 4250 766 4305 Hermanni
787 4251 974 4319 antiquitates
994 4252 1163 4337 Graecorum
1189 4248 1314 4318 privatas
1334 4245 1449 4300 tertium

304 4358 377 4397 anno
399 4348 466 4396 1882
486 4342 577 4395 editas
601 4341 636 4394 ab
656 4342 775 4407 Hugone
794 4341 960 4394 Bluemnero
979 4360 1006 4410 p.
1022 4347 1073 4396 265
1097 4344 1126 4394 et
1144 4338 1222 4393 Rein.
1248 4337 1278 4391 in
1297 4335 1378 4390 Pauli
1396 4336 1449 4389 En-

301 4431 370 4500 oycl.
390 4433 415 4484 ll
434 4449 460 4500 p.
477 4435 554 4483 1255.
