3326 4930
748 288 968 353 ..30-

288 452 395 532 queat.
440 445 551 529 Atque
579 445 644 510 iam
672 444 829 530 Birtius²)
859 451 1009 530 quartam
1033 447 1208 531 epistulam
1231 471 1270 512 ex
1293 452 1433 532 utroque

286 554 469 639 Hippolyto
506 553 638 617 fluxisse
671 557 722 617 sat
760 553 888 618 evident
874 557 925 618 ter
961 558 1013 618 ost
999 554 1104 619 tendit
1090 554 1302 640 t,Augusto
1335 555 1435 620 Kelk-

286 658 480 749 manno²)
471 683 507 724 m
538 659 688 725 maximis
721 660 817 724 rebus
852 665 987 725 consent
988 660 1084 726 iente.
1130 661 1278 726 Etiam
1269 686 1304 727 m
1334 662 1433 726 Phae

287 769 394 834 thont'
385 791 413 833 rs
370 767 549 833 tfabula
573 768 751 832 enarranda
775 766 928 832 Ovidium
946 766 1025 832 Met.
1043 767 1195 834 1748-
1206 767 1239 832 ΙΙ
1258 770 1322 835 408
1340 769 1435 834 Euri-

287 876 372 960 pidis
391 875 532 960 vestigia
551 877 698 939 secutum
717 896 787 938 esse
802 875 981 939 docuerunt
994 896 1055 940 nos
1070 874 1241 959 Adolphus
1256 876 1433 962 Bangert³)

287 987 321 1047 et
336 981 496 1069 Georgius
512 980 648 1046 Knaack
667 981 702 1045 in
716 980 980 1056 ‘Quaestionibus
994 981 1240 1048 Phaethonteis'
1255 1007 1285 1066 p.
1301 984 1344 1049 22
1364 1006 1434 1067 sqq.

287 1115 318 1174 p.
337 1091 380 1156 55
403 1095 470 1155 not.
490 1086 574 1175 584)

377 1196 466 1273 Quae
489 1220 563 1262 cum
586 1197 634 1261 ita
658 1197 733 1282 sint,
756 1219 796 1260 ne
820 1201 949 1281 tempus
972 1201 1106 1279 teratur,
1130 1197 1170 1261 ad
1194 1219 1249 1261 eos
1268 1197 1357 1263 locos
1377 1220 1433 1262 nos

289 1308 525 1388 convertamus,
545 1304 663 1388 quibus
683 1304 723 1380 55
740 1303 856 1368 Ouidio
871 1303 1001 1368 fabulae
1021 1304 1060 1368 ad
1074 1302 1222 1368 Medeam
1235 1304 1434 1389 pertinentes

289 1415 479 1497 tanguntur.
515 1409 639 1486 Quibus
664 1414 863 1494 quantopere
888 1411 932 1474 sit
954 1411 1144 1495 delectatus,
1166 1411 1218 1476 vel
1242 1434 1280 1476 ex
1304 1434 1341 1476 eo
1364 1416 1435 1496 pot

287 1523 338 1582 est
368 1518 536 1604 cognosci,
564 1519 650 1602 quod
677 1540 743 1583 non
772 1518 878 1582 solum
901 1516 979 1582 Met.
1000 1516 1065 1582 VII
1091 1519 1227 1596 1-351
1253 1518 1378 1583 Iasonis
1402 1522 1435 1582 et

288 1624 421 1692 Medeae
450 1647 594 1690 amorem
623 1624 786 1689 uberrime
814 1625 1000 1710 descripsit,
1032 1625 1087 1689 sed
1111 1625 1211 1689 etiam
1233 1626 1436 1711 tragoediam

290 1733 328 1797 de
352 1733 464 1796 eadem
488 1755 522 1796 re
546 1721 732 1816 composuit
756 1755 775 1795 a
798 1730 1011 1816 Quintiliano,
1031 1733 1155 1815 optimo
1175 1732 1232 1796 illo
1251 1732 1435 1797 litterarum

288 1839 427 1924 arbitr0,
454 1839 534 1904 Inst.
560 1842 639 1903 orat.
659 1838 690 1902 X
711 1840 739 1923 1,
758 1839 800 1904 98
835 1839 954 1903 eximia
985 1839 1079 1904 laude
1108 1843 1267 1904 ornatam.
1312 1838 1434 1903 Multae

289 1967 418 2030 quoque
443 1968 508 2030 res,
536 1968 618 2029 quae
648 1946 682 2009 in
705 1946 896 2010 duodecima
917 1945 1050 2010 heroide
1073 1950 1260 2031 narrantur,
1287 1947 1321 2011 in
1345 1951 1436 2010 sexta

289 2053 430 2136 epistula
462 2053 503 2117 ab
532 2052 715 2138 Hypsipyle
748 2053 788 2117 ad
821 2053 971 2118 iasonem
1001 2054 1078 2117 data
1111 2057 1294 2118 occurrunt.
1344 2051 1436 2128 Quod

288 2160 421 2225 minime
445 2160 565 2225 mirum
584 2159 721 2245 videtur,
746 2161 773 2226 si
795 2159 918 2225 similes
942 2159 1153 2244 repetitiones
1172 2161 1208 2225 in
1226 2159 1376 2245 epistulis
1394 2159 1436 2242 II,

290 2266 347 2352 IV,
366 2267 397 2332 X
420 2273 454 2333 et
476 2268 593 2333 iisdem
617 2267 749 2352 quidem
771 2267 975 2353 indubitatis,
999 2267 1118 2352 quibus
1137 2268 1288 2332 omnibus
1307 2266 1435 2331 fabulae

289 2376 329 2440 ad
352 2373 514 2441 Theseum
538 2379 723 2461 spectantes
748 2378 939 2455 tractentur,
963 2375 1101 2439 inveniri
1121 2374 1371 2458 consideramus,
1388 2373 1436 2436 ita

288 2485 325 2546 ut
353 2481 477 2566 liquido
507 2486 674 2567 appareat,
699 2481 852 2546 Ovidium
880 2481 1010 2546 easdem
1037 2503 1088 2546 res
1115 2483 1188 2566 plus
1217 2504 1282 2545 una
1304 2480 1435 2544 heroide

288 2588 463 2653 inlustrare
485 2611 552 2653 non
575 2610 648 2653 esse
669 2590 818 2654 veritum.

378 2694 418 2761 In
441 2695 556 2761 ceteris
585 2700 694 2761 autem
719 2697 917 2762 carminibus
941 2696 1099 2762 ovidianis
1124 2695 1279 2780 permulti
1303 2697 1435 2759 exstant

288 2802 367 2887 loci,
400 2803 517 2888 quibus
550 2826 673 2888 rerum,
708 2826 790 2887 quae
823 2803 1013 2869 duodecima
1049 2803 1181 2868 heroide
1219 2801 1435 2885 continentur,

290 2909 413 2974 mentio
450 2909 583 2975 inicibrr
585 2855 759 2994 ‚Atque
796 2910 919 2976 laudat
895 2915 938 2975 t1s
973 2910 1044 2975 Art.
1079 2932 1140 2974 am.
1174 2909 1208 2973 II
1245 2910 1355 2974 101-
1365 2909 1435 2973 104.

289 3017 350 3082 381
375 3039 422 3102 sq.
450 3015 502 3081 ΙΙΙ
526 3017 568 3081 33
588 3038 635 3101 sq.
671 3018 769 3082 Trist
793 3017 883 3083 1118
888 3018 1012 3103 ,.‚3sq
1043 3018 1099 3082 ubi
1129 3017 1292 3082 indicatur
1323 3015 1435 3079 infelix

290 3122 421 3188 Medeae
445 3144 551 3210 amor,
573 3123 639 3188 iam
663 3125 703 3189 ad
727 3123 857 3210 singula
879 3129 1019 3190 transeo
1061 3194 1064 3198 ,

378 3229 501 3296 Versus
528 3233 626 3314 leq:

468 3337 517 3403 ‘ot
540 3339 596 3403 tibi
618 3336 813 3423 Colchorum,
836 3340 980 3423 memini,
1001 3340 1109 3422 repieta
1131 3340 1252 3421 vacavi,

469 3467 523 3510 ors
545 3466 615 3510 mea
637 3467 706 3511 cum
722 3451 854 3531 peteres,
877 3453 913 3512 ut
935 3447 991 3512 tibi
1011 3446 1105 3528 ferret
1128 3444 1225 3528 opem'

290 3569 498 3654 comparandi
523 3573 600 3636 sunt
624 3592 697 3634 cum
721 3571 869 3634 versibus
894 3592 933 3635 ex
956 3569 1052 3635 Pout.
1081 3571 1142 3636 119
1158 3593 1218 3654 sq:

663 3676 742 3742 ‘eoa
764 3678 864 3760 impia
887 3676 1007 3742 Prome

505 3785 608 3867 filiave
630 3784 744 3850 Aeetae
765 3805 834 3850 coee
855 3786 1003 3850 movenda
1026 3789 1081 3849 tao
1103 3783 1172 3850 est'.

293 3911 504 3920 ...ω-κ-

380 3982 406 4048 1)
425 3977 455 4034 Ιι.
474 3976 492 4033 l.
512 3997 538 4048 p.
553 3984 606 4033 408
620 3995 679 4047 sqq.

380 4070 408 4138 2)
427 4069 460 4121 ln
478 4067 678 4123 dissertatione
697 4067 834 4122 bonnensi
854 4085 878 4121 5.
898 4072 972 4136 1881,
987 4082 1043 4136 qua
1061 4066 1239 4122 continentur
1259 4065 1315 4121 ‘De
1328 4065 1437 4134 Hippo-

291 4158 355 4227 iptio
372 4158 521 4227 euripides
538 4159 708 4227 quaestiones
725 4159 822 4213 aoeae'
843 4176 870 4228 p.
886 4163 928 4212 24.

377 4250 404 4316 3)
424 4247 455 4301 In
474 4246 675 4301 dissertatione
693 4245 804 4300 halensi
823 4262 848 4302 a.
869 4251 951 4315 1885,
980 4263 1052 4315 quae
1080 4247 1124 4302 est
1153 4245 1207 4300 ‘De
1230 4245 1330 4312 sabula
1353 4243 1437 4313 phae-

291 4337 410 4391 115555
432 4354 459 4406 p.
474 4341 508 4389 22
523 4352 583 4403 sqq.

380 4426 408 4496 4)
426 4423 580 4494 Expressae
600 4425 666 4478 sunt
685 4423 713 4478 in
732 4423 842 4494 libello,
862 4423 910 4493 qui
929 4426 1091 4480 inscribitur
1110 4425 1319 4495 ‘Philoloyisebe
1342 4421 1437 4476 Ualer-
