3326 4930
352 603 494 668 Transeo
526 605 566 667 ad
598 625 755 668 caesuras.
809 600 848 668 ln
879 627 943 688 quo
974 607 1080 689 capite
1112 628 1150 670 eo
1181 607 1312 670 brevius
1336 607 1413 672 licet

263 711 472 792 commorari,
492 709 568 793 quia
582 710 648 773 iam
664 711 847 794 complures
863 711 897 774 in
912 733 949 775 eo
965 713 1047 776 satis
1062 712 1213 778 videntur
1227 714 1411 779 desudasse.

263 817 314 882 Ne
348 817 424 902 quid
457 817 671 901 desideretur,
705 840 923 883 commemoro
956 840 1167 904 programma
1201 843 1219 883 a
1252 819 1411 885 Michaele

264 923 446 989 Schmidtio
471 923 522 990 ‘de
547 924 650 988 Ovidii
672 925 807 989 versibus
834 924 1036 990 hexametris’
1061 925 1184 992 Oliviae
1214 950 1298 992 anno
1327 929 1411 994 1856

262 1031 426 1113 emissum,
446 1031 565 1115 quippe
582 1054 645 1116 quo
660 1052 757 1117 pagg.
773 1032 883 1097 3-19
902 1055 968 1096 non
987 1037 1105 1118 agatur
1123 1033 1188 1098 nisi
1207 1034 1245 1098 de
1260 1036 1411 1118 caesuris,

262 1159 344 1221 quae
376 1137 411 1202 in
438 1139 745 1222 metamorphoseon
773 1139 866 1202 libris
890 1138 1108 1204 inveniuntur.
1160 1139 1208 1204 De
1240 1141 1411 1206 heroidum

181 1310 185 1318 ,
262 1245 404 1310 caesuris
438 1249 575 1330 egerrmt
605 1243 873 1330 Esehenburgius
906 1246 926 1308 l.
959 1247 978 1310 l.
1006 1265 1103 1332 pagg.
1138 1249 1267 1312 11-13
1299 1251 1332 1311 et
1372 1251 1409 1313 19

262 1357 296 1416 et
318 1352 508 1416 Theodorus
531 1351 657 1416 Birtius
681 1353 701 1417 l.
721 1352 741 1415 l.
760 1373 858 1437 pagg.
878 1352 1063 1417 386-392.
1101 1352 1145 1416 Hi
1166 1354 1296 1437 quidem
1319 1377 1409 1438 prae-

261 1460 346 1524 clare
362 1460 635 1543 demonstrarunt,
651 1459 737 1542 quod
753 1459 793 1522 ad
808 1481 957 1523 caesuras
973 1460 1107 1542 attinet,
1132 1481 1243 1524 omnes
1257 1461 1407 1527 heroides

261 1588 334 1630 cum
357 1565 461 1649 ipsius
476 1565 581 1630 ·0vidi
606 1569 675 1630 arte
700 1588 798 1649 quam
821 1567 961 1630 maxime
986 1567 1166 1632 concinere.
1211 1567 1249 1631 Id
1272 1591 1349 1632 vero
1373 1569 1409 1633 in

259 1671 374 1755 primis
397 1673 577 1736 notandum
602 1675 666 1755 est,
697 1694 864 1736 caesuram
895 1673 1028 1737 tertiam
1057 1674 1271 1757 trochaicam,
1302 1697 1409 1760 aqua

259 1778 436 1844 Horatium
455 1778 681 1863 Luciliumque
700 1779 728 1842 si
748 1779 907 1864 omiseris,
928 1802 992 1863 quo
1013 1780 1085 1864 quis
1104 1780 1169 1845 fuit
1187 1783 1408 1865 praestantior

258 1889 441 1970 poetarum,
467 1907 504 1951 eo
529 1885 712 1950 accuratius
736 1886 830 1951 illum
858 1887 1056 1951 abstinuisse
1081 1886 1244 1953 Lucienus
1267 1886 1406 1953 Mueller

258 1992 369 2057 docuit
378 1990 416 2078 ¹),
439 1993 473 2056 iu
490 1993 679 2058 heroidibus
704 1993 878 2077 suspectis,
908 1993 936 2057 si
960 1993 1187 2080 Eschenburgi
1210 1995 1318 2059 verbis
1343 2018 1407 2060 cre·

258 2098 333 2162 dere
352 2097 549 2186 volumus2),
567 2122 633 2166 non
652 2101 718 2165 nisi
738 2101 942 2165 auxiliarium
962 2123 1045 2185 esse,
1066 2102 1152 2184 quod
1172 2102 1301 2185 quidem
1320 2103 1406 2166 haud

258 2204 350 2287 parvi
370 2206 528 2270 momenti
543 2207 754 2271 videturesse
775 2208 815 2270 ad
836 2207 894 2270 illa
914 2207 1059 2272 earmina
1073 2204 1188 2272 Ovidio
1204 2207 1404 2272 vindicanda.

346 2310 460 2396 Neque
497 2335 573 2377 vero
609 2335 748 2397 usquam
784 2314 820 2377 in
856 2313 1056 2379 Heroidibus
1093 2313 1233 2378 I-XIV
1272 2336 1404 2379 caesura

258 2419 518 2505 semiseptinaria
542 2443 615 2485 cum
638 2444 702 2486 una
725 2421 952 2486 semiternaria
976 2421 1195 2507 coniungitur.
1386 2417 1390 2424 ’

346 2526 395 2590 De
418 2531 623 2610 pentametro
646 2550 713 2592 non
734 2529 855 2610 habeo,
886 2551 967 2612 quae
992 2529 1122 2613 addam,
1145 2551 1219 2594 cum
1243 2529 1311 2594 eius
1336 2551 1403 2595 cae-

258 2653 368 2698 suram
393 2655 521 2718 semper
543 2634 823 2717 penthemimeren
847 2657 917 2700 esse
942 2639 1078 2701 constet.

795 2831 867 2910 §a

344 2953 414 3018 lam
436 2954 548 3037 paullo
573 2953 737 3038 copiosius
761 2953 908 3038 rhythmi
930 2954 1025 3018 nobis
1050 2955 1213 3019 tractandi
1237 2959 1321 3019 sunt.
1364 3035 1366 3040 Α

344 3059 469 3126 Notum
489 3065 553 3145 est,
577 3061 684 3146 legem
708 3082 777 3125 esse
797 3060 1001 3145 primariam,
1024 3065 1061 3125 ut
1079 3061 1205 3124 numeri
1228 3063 1348 3145 pedum
1368 3063 1402 3126 iu

254 3168 361 3250 priore
394 3191 505 3233 versus
538 3172 630 3252 parte
662 3191 760 3251 quam
790 3167 981 3252 longissime
1012 3167 1164 3231 recedant
1195 3168 1235 3231 ab
1266 3173 1401 3234 accentu

254 3274 428 3337 verborum
452 3275 675 3360 grammatico.
723 3273 770 3340 Of.
795 3273 830 3340 L.
850 3273 988 3338 Mueller
1007 3275 1044 3338 de
1068 3295 1103 3338 re
1128 3277 1220 3338 metr.
1235 3296 1308 3360 pag.
1325 3277 1399 3341 205.

255 3379 359 3454 Quam
383 3381 424 3444 ob
448 3403 517 3444 rem
541 3402 595 3445 eos
620 3403 747 3463 versus,
776 3381 831 3464 qui
856 3381 945 3444 omni
973 3403 1011 3444 ex
1039 3384 1133 3463 parte
1160 3381 1304 3463 pedestri
1327 3405 1400 3466 pro-

253 3477 453 3551 nuntiationi
490 3486 557 3550 sint
594 3486 845 3570 accommodati,
882 3487 1015 3550 minime
1052 3487 1156 3574 honos
1194 3509 1264 3551 esse
1302 3493 1399 3572 atque

254 3595 428 3678 elegantes.
474 3593 513 3656 In
537 3593 697 3677 suspectis
727 3597 836 3658 autem
863 3593 1052 3658 heroidibus
1081 3597 1148 3658 tres
1178 3597 1307 3658 tantum
1331 3595 1399 3661 eius

253 3704 437 3766 structurae
461 3723 573 3765 versus
598 3722 668 3764 sese
694 3701 833 3764 offerunt
857 3705 890 3764 et
913 3701 1118 3784 quidemlH
1141 3724 1172 3765 v.
1196 3703 1251 3766 37:

286 3824 428 3907 ‘cumque
446 3831 489 3890 tot
505 3825 554 3890 his
574 3861 615 3870 —
634 3827 687 3889 sert
703 3846 767 3889 aea
785 3845 860 3907 opus
878 3826 994 3890 esttibi
1011 3829 1137 3909 couiupe
1156 3862 1197 3871 -
1216 3825 1372 3893 coaluus?

341 3948 406 4013 XII
430 3967 456 4014 v.
482 3949 537 4014 75:

364 4073 502 4157 ‘pardae
517 4095 609 4157 posse
631 4080 681 4139 sot
701 4080 756 4158 est,
780 4076 808 4140 si
830 4096 918 4156 quem
940 4077 1021 4139 iuuet
1042 4076 1112 4157 apso
1130 4074 1285 4157 potestas?

343 4303 367 4370 1)
387 4301 419 4354 In
438 4318 523 4356 aureo
542 4301 593 4355 illo
612 4301 720 4370 libello,
741 4319 823 4372 quem
843 4303 878 4357 de
896 4318 926 4357 re
946 4303 1064 4358 metrica
1083 4301 1240 4373 composuit
1258 4319 1284 4373 p.
1302 4309 1360 4358 102.

340 4392 367 4459 2)
386 4408 412 4459 p.
430 4397 470 4446 19.
