3346 4934
694 321 914 386 „31-

234 485 277 569 (v.
303 480 501 568 rsa-198).
549 480 611 547 Sed
645 482 672 547 si
705 485 850 566 quaerat,
882 480 939 544 ubi
972 480 1029 544 dos
1064 502 1122 544 sua
1154 480 1211 544 sit:
1244 515 1289 526 -
1318 480 1379 545 hao

106 633 109 639 ·
234 593 319 656 enim
349 591 506 657 Creusam
539 590 694 655 excellere
728 588 815 652 haud
847 586 1022 673 ignorabat
1059 623 1095 632 -
1130 609 1168 650 eo
1197 586 1380 653 referantur

232 721 363 764 necesse
387 721 457 764 esse
482 720 556 763 cum
578 697 683 762 vellus
707 717 856 778 aureum,
883 698 955 758 tum
978 693 1113 778 reliqua,
1137 715 1219 776 quae
1242 716 1308 758 non
1332 714 1380 758 so-

232 807 300 869 lum
324 805 363 870 de
387 805 513 889 Iasone,
540 803 777 870 verumetiam
801 802 839 865 de
862 805 935 866 tota
959 799 1096 864 Graecia
1119 798 1200 863 bene
1224 800 1381 864 meruerit

234 910 277 998 (v.
304 909 511 998 raa-204).
566 909 680 995 Neque
718 908 825 974 minus
859 930 933 972 eum
965 907 997 972 id
1029 907 1138 991 ipsum
1172 928 1230 970 suo
1264 907 1380 971 debere

233 1019 405 1103 beneficio,
438 1017 524 1102 quod
552 1016 708 1083 Creusam
736 1017 852 1081 ducere
880 1015 986 1100 possit
1017 1011 1157 1098 (11205.
1187 1009 1277 1098 206).
1327 1013 1381 1077 lta

233 1124 348 1189 Medea
370 1129 546 1209 postquam
570 1123 679 1189 Iasoni
703 1124 813 1188 omnia
836 1122 958 1205 effudit,
983 1143 1065 1205 quae
1090 1119 1236 1204 sentiret,
1259 1119 1294 1182 in
1316 1120 1380 1183 fine

234 1231 394 1314 epistulae
422 1230 558 1294 iniurias
583 1230 646 1294 sibi
675 1231 795 1296 inlatas
825 1251 895 1293 sese
920 1228 1062 1292 ulturam
1087 1248 1157 1290 esse
1181 1225 1301 1290 iterum
1325 1225 1382 1289 mi-

237 1339 336 1401 natur
359 1335 401 1423 (v.
425 1337 626 1422 aot—212).

224 1447 228 1456 '
323 1442 418 1508 Nunc
442 1443 480 1508 de
504 1443 629 1509 mendis
654 1443 816 1528 agendum
839 1446 902 1520 est,
932 1441 1049 1524 quibus
1073 1438 1229 1503 Lehrsius
1252 1438 1382 1523 putavit

234 1549 318 1614 hane
346 1551 520 1634 epistulam
549 1555 683 1616 scatere.
732 1550 780 1614 Ac
807 1549 914 1632 primo
943 1547 1074 1631 quidem
1102 1545 1197 1610 obelo
1227 1568 1305 1626 usus
1330 1549 1381 1609 est

235 1656 271 1719 in
293 1657 441 1721 versibus
468 1658 507 1722 11
524 1679 585 1741 sq.:

364 1773 368 1785 '
433 1798 503 1864 ‘ar
525 1799 604 1863 arri·
622 1799 696 1881 pras
718 1819 813 1881 aaa
835 1798 912 1880 aaa
929 1797 1074 1879 paam
1095 1796 1204 1878 capara

430 1910 459 1969 et
481 1907 568 1970 decor
590 1911 619 1971 ct
641 1906 766 1988 linquae
784 1905 893 1988 pratia
915 1905 987 1986 ficto
1011 1902 1119 1968 tiaer’

326 2046 389 2111 Sed
418 2069 491 2112 cum
520 2048 621 2113 verba
651 2047 808 2112 iliacum
831 2069 916 2112 nexu
940 2044 1098 2111 orationis
1124 2045 1247 2129 optime
1272 2044 1385 2109 cohae-

113 2229 116 2238 ,
238 2157 332 2214 reant
364 2174 467 2235 neque
502 2154 676 2238 quiequam
704 2154 754 2219 vir
785 2154 842 2218 ille
876 2151 1083 2218 doctissimus
1117 2151 1287 2235 addiderit,
1321 2173 1385 2234 quo

238 2258 435 2323 sententiam
470 2282 562 2324 suam
596 2260 762 2345 fundaret,
795 2259 1079 2325 ratiocinationem
1107 2258 1176 2322 eius
1205 2279 1256 2321 me
1284 2259 1385 2321 latere

237 2365 377 2450 ingenue
400 2365 514 2431 fateor.

326 2471 379 2536 Ad
402 2495 514 2538 versus
539 2475 581 2539 53
597 2496 644 2558 sq.
669 2497 720 2538 me
744 2478 914 2540 converto:

399 2614 509 2697 ‘qoam
532 2617 587 2681 tibi
609 2638 691 2681 nunc
714 2617 800 2698 prpe
821 2636 950 2698 reginam
972 2615 1073 2680 dotale
1095 2613 1227 2680 &cusae

402 2725 430 2784 et
451 2741 535 2786 socer
557 2726 586 2785 et
607 2723 714 2803 maqni
736 2727 813 2785 uoto
836 2721 974 2788 Creontis
996 2720 1077 2786 erot'

241 2861 275 2924 in
299 2882 381 2944 quos
403 2862 529 2946 pariter
551 2862 700 2927 invectus
724 2865 774 2926 est
798 2867 895 2946 atque
919 2863 1089 2927 inversus
1116 2863 1179 2926 103
1195 2884 1257 2945 sq.:

373 3003 478 3070 ‘Dotis
500 3026 569 3089 opes
590 3005 644 3069 ubi
666 3005 780 3071 aaut?
802 3005 856 3069 ubi
878 3010 946 3070 erat
968 3006 1023 3070 tibi
1045 3006 1133 3088 repta
1157 3004 1292 3069 mutuus

371 3115 482 3194 quiqce
504 3114 603 3177 moros
622 3113 763 3195 pernices
786 3113 913 3177 distinet
934 3112 1074 3178 Isthmus
1096 3110 1220 3194 oqrroe'.

330 3252 402 3318 Hoc
416 3254 557 3319 disticho
576 3255 680 3319 altera
689 3255 747 3319 illa
756 3255 983 3339 periculorum,
999 3256 1117 3339 quibus
1130 3254 1204 3320 Iaso
1215 3253 1385 3319 defunctus

242 3367 321 3443 erat,
332 3360 506 3444 descriptio
521 3361 692 3446 clauditur,
707 3384 804 3445 quam
819 3362 973 3428 Lehrsius
990 3362 1166 3428 seeundum
1180 3361 1258 3426 Met.
1265 3359 1312 3424 VI
1323 3361 1386 3425 134

243 3465 364 3530 factam
379 3466 483 3530 multo
499 3468 594 3531 aliter
604 3490 703 3552 quam
715 3469 857 3552 priorem
873 3492 943 3534 sese
957 3469 1078 3534 habere
1094 3468 1189 3553 dixit3
1203 3468 1288 3532 idem
1298 3471 1384 3530 utro·

243 3595 305 3656 que
329 3573 469 3638 disticho
489 3575 617 3639 easdem
643 3575 803 3642 contineri
826 3577 1005 3641 sententias
1030 3576 1168 3659 videret,
1192 3576 1386 3640 alterutrum

242 3680 400 3745 ficticium
419 3703 491 3745 esse
507 3682 682 3746 contendit.
721 3683 814 3759 Quod
833 3688 947 3748 contra
966 3683 1183 3768 reputandum
1197 3682 1333 3767 videtur,
1351 3703 1386 3744 re

242 3787 294 3852 bis
304 3788 430 3852 varium
444 3788 479 3853 in
494 3789 626 3853 modum
637 3792 780 3854 tractata
788 3791 915 3856 nullum
925 3790 1044 3856 adferri
1058 3791 1259 3877 languorem,
1272 3789 1387 3853 anuda

243 3895 437 3980 repetitione
456 3895 637 3982 legentium
656 3897 774 3963 animis
794 3897 1060 3984 abhorrentibus3
1077 3919 1182 3982 neque
1201 3918 1277 3961 vero
1299 3897 1334 3959 in
1348 3918 1386 3960 eo

242 4024 338 4086 posse
358 4001 485 4081 offendi,
509 4003 596 4086 quod
614 4003 763 4068 nonnulli
781 4027 893 4069 versus
912 4006 1221 4091 metamorphoseon
1239 4004 1387 4069 versibus

245 4109 366 4174 similes
399 4108 620 4195 inveniantur,
647 4111 821 4195 postmodo
845 4112 1131 4178 demonstrabitur.
1182 4112 1387 4176 Alterutrum

245 4219 353 4281 autem
391 4217 556 4282 distichon
592 4217 772 4282 insiticium
810 4241 879 4284 esse
913 4220 994 4284 mihi
1026 4218 1220 4304 persuadere
1252 4242 1386 4304 nequeo.

244 4318 328 4396 Quid
355 4323 441 4387 enim
470 4323 603 4407 mirum,
631 4346 651 4387 a
678 4323 805 4408 Medea,
836 4349 909 4392 eum
937 4328 970 4392 id
998 4348 1202 4412 summopere
1231 4330 1323 4412 agat,
1350 4331 1387 4391 ut

245 4449 303 4492 sua
321 4428 423 4510 ipsius
444 4429 552 4495 officia
571 4430 721 4498 maximis
745 4434 895 4499 laudibus
915 4433 1037 4514 efferat,
1055 4434 1209 4521 pericula,
1231 4456 1248 4499 e
1269 4435 1387 4518 quibus
