3346 4934
756 287 977 353 ,53-

294 448 375 512 bene
399 447 594 512 conveniunt
614 470 687 512 cum
705 447 887 531 Penelopae
905 447 1088 512 homericae
1109 447 1330 532 querimoniis,
1355 470 1437 531 quae

293 554 447 639 leguntur
470 555 697 620 vsu-517:
1332 564 1338 577 '

427 679 528 758 αὐτὰρ
551 679 620 757 ἐμοὶ
644 679 695 742 καὶ
717 679 836 743 πένθοε
861 677 1038 758 ἀμέτρητον
1062 678 1142 759 πόρε
1166 680 1303 759 δαίμον’·
1385 699 1389 710 ·

426 788 530 866 ἤματα
554 787 611 864 μὲν
634 785 696 865 γὰρ
720 787 899 865 τερπομένη
923 785 1052 862 rotroco

427 999 527 1079 αὐτὰρ
551 999 633 1078 ἐπὴν
656 1000 712 1066 νὺξ
736 999 812 1084 ἔλθῃ
836 1000 922 1084 έλῃεί
945 1021 980 1065 τε
1003 1006 1110 1066 κοῑτοε
1134 1000 1287 1081 ἅπαντας,

427 1113 530 1186 κεῖμαι
553 1107 600 1172 ἐνὶ
625 1109 755 1191 λέκτρῳ,
778 1108 905 1172 πυκιναὶ
928 1109 963 1172 δέ
988 1128 1040 1186 μοι
1063 1106 1146 1187 ἀμφ’
1170 1107 1281 1173 ἀδινὸν
1305 1113 1361 1188 κῆρ

428 1213 527 1281 ὀξεῖαι
551 1217 730 1292 μελεδῶνεε
754 1213 953 1294 ὀδυρομένην
976 1215 1139 1294 έρέθουειν

293 1343 327 1403 et
350 1361 368 1403 υ
388 1340 431 1404 83
446 1361 528 1424 sqq.:

428 1463 511 1528 ἀλλὰ
533 1465 571 1529 τὸ
595 1466 653 1544 μὲν
676 1466 727 1529 καὶ
750 1463 884 1529 ἀνεκτὸν
908 1465 974 1542 ἔχει
997 1466 1105 1551 κακὸν,
1124 1465 1247 1530 ὁππότε
1267 1467 1322 1530 κέν
1340 1487 1386 1529 τι(

424 1572 530 1650 ἤματα
553 1574 610 1650 μέν
633 1571 734 1656 κλαίῃ,
757 1575 897 1636 πυκινῶε
920 1570 1119 1652 ἀκαχήμενοε
1141 1575 1229 1654 ἦτορ,

427 1678 542 1743 νύκτα(
565 1677 599 1742 δ’
621 1679 722 1744 ὕπνοε
746 1678 853 1761 ἔχῃειν
879 1715 918 1724 -

312 1874 317 1884 ¹
426 1892 526 1971 αὐτὰρ
550 1893 620 1970 ἐμοὶ
642 1893 693 1957 καὶ
717 1890 859 1970 ὀνείρατ’
883 1894 1051 1958 έπέεεευεν
1075 1893 1155 1957 κακὰ
1177 1893 1308 1972 δαίμων.

381 2034 493 2099 Etiam
520 2034 555 2098 in
582 2034 741 2118 epistulae
769 2034 931 2118 versibus,
964 2056 1045 2117 quae
1074 2034 1189 2098 statim
1217 2035 1440 2122 sequuntur¹)‚

293 2140 454 2226 Penelope
482 2164 594 2206 curam
623 2164 716 2206 suam
744 2146 777 2206 et
808 2141 908 2206 animi
933 2163 1088 2227 angorem
1113 2142 1241 2227 saepius
1265 2144 1438 2229 significat.

382 2248 506 2313 Eadem
528 2271 624 2313 versu
645 2249 687 2313 10
710 2248 856 2332 loquitur
874 2250 912 2313 de
933 2271 967 2313 se
992 2253 1134 2335 texente3
1157 2249 1257 2314 etiam
1276 2250 1439 2315 Homerus

292 2354 384 2419 illam
411 2355 487 2420 huic
511 2355 601 2440 operi
630 2355 791 2419 intentam
819 2355 919 2420 fuisse
948 2356 1062 2420 multis
1090 2356 1171 2422 locis
1199 2362 1325 2441 narrat,
1353 2357 1439 2423 sicut

294 2483 314 2526 α
333 2462 408 2540 357,
433 2468 450 2542 β
469 2463 512 2528 85
527 2483 606 2546 sqq.‚
630 2484 655 2541 φ
675 2462 749 2528 350.

382 2567 505 2632 Versus
527 2570 566 2633 17
583 2591 644 2652 sq.:

429 2692 506 2758 ‘stoc
529 2692 745 2760 Menoetiaden
766 2695 860 2776 salsis
883 2696 1021 2759 ceaddae
1041 2695 1096 2760 αιό
1115 2697 1226 2779 orma,

427 2801 537 2883 flebam
559 2821 695 2868 comessa
712 2822 801 2886 posse
823 2823 926 2868 carcre
948 2801 1051 2867 dolos?

294 2947 443 3027 spectant
462 2944 503 3008 ad
520 2945 723 3028 praeclarum
742 2945 854 3010 Iliadis
874 2945 995 3009 librum
1014 2944 1217 3024 Harpessos
1235 2944 1438 3028 inscriptum.

294 3049 425 3115 ‘Falsa'
454 3054 564 3114 autem
593 3051 716 3116 ‘arma'
747 3055 824 3116 sunt
853 3051 993 3116 Achillis
1022 3074 1124 3136 arma,
1158 3072 1239 3134 quae
1267 3050 1438 3116 Patroclus

294 3159 327 3222 Π
348 3157 392 3221 40
407 3179 476 3240 sqq.
505 3158 646 3222 traditur
674 3157 830 3243 induisse,
862 3162 900 3222 ut
927 3157 1024 3222 amici
1052 3159 1158 3243 specie
1186 3157 1345 3223 Troianos
1373 3158 1438 3222 iam

294 3285 393 3327 naves
409 3264 636 3349 oppugnantes
651 3268 882 3330 consterneret.
921 3265 1074 3331 Ceterum
1091 3266 1190 3328 verbo
1212 3264 1325 3330 ‘dolos’
1342 3265 1439 3330 Pene-

294 3370 392 3453 lopen
415 3369 522 3435 Ulixis
551 3371 708 3436 astutiam
736 3376 834 3456 atque
863 3372 1076 3437 calliditatem
1104 3375 1138 3435 et
1165 3371 1199 3435 in
1223 3370 1325 3436 Iliade
1349 3376 1382 3436 et
1407 3372 1440 3435 in

295 3474 439 3559 Odyssea
459 3478 719 3544 concelebratam
738 3479 879 3543 voluisse
900 3479 1092 3563 significare,
1111 3478 1177 3543 iam
1192 3477 1333 3544 Kuinoel
1352 3482 1439 3543 recte

294 3582 465 3648 intellexit.
511 3584 559 3650 Of.
583 3586 680 3649 modo
703 3607 723 3662 γ
746 3586 808 3650 120
823 3608 907 3670 sqq.:

429 3725 498 3791 ἔνθ’
522 3726 608 3791 οὔτι(
632 3730 711 3791 ποτὲ
735 3733 826 3807 μῆτιν
850 3728 1084 3808 ὁμοιωθήμεναι
1108 3727 1207 3807 ἄντην

428 3833 529 3917 ἤθελ’,
552 3835 622 3898 ἐπεὶ
645 3834 730 3913 μάλα
753 3837 878 3900 πολλὸν
901 3835 989 3900 ἐνίκα
1012 3839 1081 3900 blot
1105 3834 1270 3900 Ὀδυεεεύε

428 3941 604 4006 παντοίοιει
627 3939 781 4006 ὀόλοιει.

292 4083 326 4148 et
351 4105 433 4168 quac
457 4052 607 4168 deinceps
631 4079 820 4168 sequuntur.

384 4190 422 4254 Id
447 4212 574 4274 quoque
596 4191 674 4256 nolo
698 4190 864 4276 omittere,
888 4192 974 4274 quod
997 4192 1059 4257 hoc
1082 4192 1169 4275 loco,
1199 4192 1284 4256 sicut
1307 4190 1437 4257 Heroid.

297 4336 510 4348 ,--.-..---

386 4423 411 4489 1)
430 4437 454 4474 τ.
473 4425 502 4474 11
520 4433 578 4490 sqq.
