3346 4934
767 307 988 371 „50-

306 469 435 550 carunt,
466 466 558 549 equis
590 465 722 530 illorum
754 467 858 550 raptis
893 467 932 530 ad
966 489 1042 531 suos
1073 469 1289 532 revertuntur.
1336 467 1452 552 Itaque

306 595 400 638 versu
423 574 466 638 46
491 573 529 637 de
555 572 649 638 Ulixe
672 573 804 638 dicitur:

680 696 789 762 ‘aiaton
810 699 945 763 amionem

437 805 536 869 dictas
558 824 589 868 es
611 804 751 868 anana
774 805 833 869 isse
853 825 911 886 per
933 825 1044 887 cymen
1066 803 1170 886 κακον]

395 947 539 1012 Ismarus
568 947 653 1010 enim
679 945 835 1011 Thraciae
865 950 935 1011 erat
962 969 1056 1012 mons
1080 951 1113 1011 et
1137 948 1292 1031 oppidum
1320 948 1385 1012 iam
1409 949 1450 1012 ab

185 1081 188 1090 <
305 1053 450 1118 Homero
470 1076 479 1118 ι
498 1055 542 1118 40
565 1057 599 1118 et
622 1054 684 1119 198
709 1057 1007 1119 commemoratum.
1041 1054 1247 1119 Adiectivum
1271 1053 1450 1118 ‘ismarius'

305 1161 408 1246 igitur
431 1160 516 1224 idem
540 1165 599 1244 est,
623 1161 707 1243 quod
731 1159 909 1225 ‘thiatbat

394 1266 553 1332 Versibus
573 1267 704 1332 63-66
724 1266 885 1351 Penelope
905 1267 1104 1332 mentionem
1122 1267 1203 1332 facit
1222 1268 1350 1332 itineris
1369 1269 1450 1352 pylii

305 1379 338 1439 et
357 1375 504 1459 spartani
523 1397 543 1438 a
556 1373 749 1438 Telemacho
769 1373 922 1457 suscepti,
941 1375 1027 1457 quod
1047 1375 1081 1437 in
1100 1375 1199 1439 tertio
1219 1379 1316 1461 atque
1332 1379 1448 1459 quarto

305 1482 468 1566 Odysseae
492 1481 576 1546 libro
601 1481 731 1564 copiose
751 1480 954 1545 describitur.
993 1480 1102 1565 Atque
1125 1482 1206 1546 illud
1230 1481 1330 1547 etiam
1353 1481 1450 1546 versi-

301 1589 362 1652 bus
386 1591 427 1655 37
445 1610 491 1672 sq.
516 1591 800 1653 commemoratur.

390 1695 496 1760 Versu
520 1696 561 1760 67
591 1695 689 1759 Troia
710 1694 899 1759 nominatur
922 1693 1059 1760 ‘moenia
1082 1692 1229 1780 Phoebi’3
1256 1695 1340 1760 banc
1363 1694 1450 1760 locu-

300 1804 424 1868 tionem
443 1802 566 1886 optime
587 1802 745 1885 quadrare
764 1801 805 1865 ad
823 1801 899 1865 Her.
915 1800 965 1865 ΙΙΙ
982 1802 1043 1867 151
1065 1800 1245 1886 (neptunia
1268 1799 1448 1886 Perpama')

301 1933 339 1974 ex
363 1909 414 1994 iis,
437 1931 518 1992 quae
543 1930 642 1992 supra
665 1907 883 1992 exposuimus,
898 1912 1053 1992 apparet.

390 2015 549 2080 Versibus
570 2015 612 2080 75
626 2036 687 2098 sq.:

435 2139 530 2223 ‘qnae
551 2144 651 2205 uestra
674 2139 767 2205 iibido
790 2144 834 2204 est

434 2268 495 2314 esse
512 2248 675 2330 perepnino
699 2250 807 2329 captas
829 2266 933 2310 aenne
952 2245 1057 2328 patea'

300 2373 409 2438 nescio
438 2395 479 2437 an
503 2371 638 2437 Ovidius
667 2371 704 2436 de
729 2368 888 2454 Calypsus
917 2391 1027 2435 amore
1056 2371 1251 2455 cogitaverit
1274 2370 1309 2434 in
1332 2371 1448 2455 quinto

301 2480 465 2564 Odysseae
488 2479 573 2543 libro
597 2477 735 2561 depicto.

388 2586 512 2651 Versus
532 2585 572 2649 81
590 2606 649 2668 sq.:

385 2729 387 2735 ·
434 2709 497 2775 ‘nie
514 2715 606 2793 pater
628 2708 753 2774 Icarius
775 2709 867 2774 aidno
890 2709 1063 2773 descendas
1086 2707 1158 2772 aaa

434 2819 513 2902 capit
534 2823 563 2882 et
583 2819 741 2882 inmensas
763 2817 901 2898 increpat
922 2836 1016 2897 usqae
1038 2814 1162 2880 monas'

300 2945 382 3008 bene
407 2943 604 3008 conveniunt
627 2964 701 3007 cum
725 2939 907 3024 Penelopae
931 2939 1038 3004 verbis
1058 2961 1076 3004 ο
1098 2941 1139 3004 16
1154 2961 1215 3023 sq.:

435 3070 496 3147 ἤδη
520 3067 582 3146 γάρ
606 3067 646 3146 ῥα
671 3067 775 3144 πατήρ
798 3086 832 3129 τε
857 3064 1036 3143 καιὶγνητοί
1059 3086 1094 3129 τε
1118 3066 1265 3129 κέλονται

436 3174 610 3256 Εὐρυμάχῳ
633 3175 796 3253 γήμακθαι.

391 3299 484 3375 Quod
517 3319 594 3362 vero
628 3297 668 3360 ad
698 3295 802 3380 patris
830 3295 915 3360 Icari
942 3318 1061 3360 nomen
1094 3296 1241 3379 attinet,¹
1259 3300 1447 3361 constanter

300 3405 484 3489 Penelopen
512 3406 630 3483 κούρην
655 3401 797 3482 Ἰκαρίοιο
825 3403 859 3466 in
886 3401 1050 3487 Odysseae
1079 3401 1277 3467 carminibus
1300 3403 1445 3468 videmus

300 3512 467 3596 appellari.
501 3510 549 3576 of.
568 3511 664 3575 modo
689 3531 710 3573 a
729 3511 802 3592 329,
826 3511 938 3594 t446,
962 3532 987 3589 φ
1007 3509 1070 3575 321
1096 3509 1217 3574 multos
1242 3509 1323 3575 alios
1347 3509 1446 3574 locos.

389 3619 512 3683 Versus
532 3619 672 3701 871qq.:

435 3741 592 3807 ‘Dulichii
615 3741 774 3824 Samiique
797 3747 826 3806 et
846 3761 920 3822 qnos
943 3741 1015 3806 tulit
1036 3742 1102 3807 alta
1125 3741 1298 3825 Zacynthos

435 3851 524 3914 tarba
545 3853 643 3914 nannt
663 3851 699 3914 in
722 3870 769 3913 ene
792 3849 954 3913 lineariosa
975 3850 1071 3929 proci.

433 3959 524 4040 inacte
546 3961 601 4021 tna
623 3961 754 4039 nepnant
774 3955 872 4020 nattis
889 3954 1119 4036 prohibentibus
1142 3956 1234 4021 ania:

433 4066 548 4130 naara
569 4068 685 4146 nostra,
709 4069 779 4127 tnae
801 4063 1012 4126 dilacerantur
1034 4061 1123 4144 opes?

302 4188 447 4252 conversi
471 4193 548 4253 sunt
572 4211 588 4254 e
612 4187 708 4253 Hom.
727 4210 750 4252 τι
772 4187 835 4251 122
850 4208 933 4270 sqq.:

433 4313 518 4379 decor
541 4315 602 4393 γὰρ
626 4316 763 4393 νήεοκιν
787 4313 1024 4389 ἐπικρατέουειν
1048 4311 1167 4391 ἄρκτοι

433 4421 598 4505 Δουλιχίῳ
621 4422 656 4484 τὲ
680 4418 765 4503 (άμῃ
790 4439 825 4482 τε
849 4419 900 4482 καὶ
923 4419 1051 4499 ὑλήεντι
1073 4420 1230 4504 Ζακύνθῳ
