3326 4930
701 311 921 375 -73-

239 468 391 533 similiter
415 467 550 533 Ovidius
575 468 666 534 Rem.
690 491 751 534 am.
771 471 850 579 aaa:

473 591 577 658 ‘cuius
599 595 635 658 iu
657 595 785 659 arbitrio
810 594 945 661 Graecia
968 601 1032 661 iaia
1052 596 1141 678 fuii'.

238 735 424 800 Tantalides
439 736 540 801 etiam
550 735 628 802 Met.
638 733 703 800 XII
714 737 787 802 626.
811 736 884 801 Am.
895 737 928 801 Π
939 738 969 822 8,
988 740 1035 805 13.
1050 761 1089 803 ex
1103 739 1197 804 Pont.
1206 738 1254 805 IV
1272 741 1322 826 16,
1334 742 1384 806 26.

237 842 326 906 Fast.
352 842 381 907 V
405 844 468 908 307
496 845 641 909 uocatur.
692 841 806 927 Neque
836 867 912 909 vero
943 867 1017 909 eum
1045 845 1086 908 ab
1116 845 1193 911 Iove
1222 847 1381 934 originem

237 949 382 1034 duxisse,
419 951 505 1033 qudd
542 949 701 1033 epistulae
739 954 853 1015 auctor
890 974 918 1015 v.
946 951 988 1017 48
1031 953 1186 1044 testatur,
1231 953 1385 1020 Ovidium

237 1057 416 1142 ignorasse,
441 1079 479 1120 ex
502 1056 795 1121 innumerabilibus
820 1057 901 1122 loeis
926 1059 1143 1144 cognoscitur,
1167 1082 1249 1144 quos
1273 1083 1384 1126 omnes

238 1163 363 1228 adferre
387 1163 522 1250 longum
546 1168 596 1228 est
620 1168 718 1248 atque
742 1163 894 1229 ieiunum.

326 1269 474 1347 Orestes,
499 1269 576 1353 quia
598 1270 703 1353 patris
727 1274 867 1335 mortem
890 1272 979 1336 ultus
1004 1273 1057 1355 sit,
1079 1271 1228 1338 versibus
1253 1274 1385 1339 49-54

238 1401 304 1443 non
336 1381 510 1442 excusatur
541 1377 652 1463 modo,
685 1378 739 1443 sed
773 1377 873 1443 etiam
906 1379 1134 1466 conlaudatur,
1167 1403 1241 1446 eum
1272 1380 1383 1448 Amor.

238 1485 253 1549 l
279 1487 317 1570 l,
331 1485 365 1549 9:

373 1607 417 1674 ‘ei
438 1611 558 1675 eiudeu*
571 1612 607 1675 iu
630 1617 728 1676 maire
746 1613 850 1694 patris
873 1613 976 1678 malus
997 1614 1080 1679 ulim
1103 1613 1236 1680 orares’

241 1753 282 1818 ob
306 1753 339 1818 id
362 1753 471 1837 ipsum
494 1752 712 1838 vituperetur,
736 1754 813 1819 huie
836 1755 909 1820 loeo
933 1760 1043 1821 autem
1066 1758 1244 1843 respondet
1267 1757 1385 1841 epistu-

239 1861 289 1925 lae
313 1883 341 1925 v.
362 1860 416 1945 55,
438 1860 495 1924 ubi
514 1860 659 1944 Pyrrhus
679 1882 753 1925 eum
776 1861 837 1927 hac
860 1862 954 1928 laude
978 1863 1121 1928 voluisse
1145 1863 1297 1929 fraudare
1314 1886 1386 1930 nar-

240 1971 339 2035 ratur.
387 1967 540 2033 (leterum
560 1967 708 2033 conferas
732 1968 833 2034 etiam
856 1969 955 2034 Trist.
974 1969 1023 2035 IV
1041 1971 1073 2055 4,
1092 1971 1149 2035 69:

488 2091 631 2158 ‘dubium
650 2093 726 2176 pius
748 2115 791 2159 au
814 2095 977 2160 sceleratus
1001 2071 1145 2161 Orestesl.
1220 2179 1225 2190 ¹

240 2235 411 2320 inprimis
436 2257 510 2300 eum
534 2235 681 2300 versibus
706 2237 748 2300 49
764 2257 824 2319 sq.:

676 2359 783 2426 ‘arma
805 2362 959 2428 inuidiosa
982 2363 1097 2428 tulisti:

465 2469 519 2534 sed
540 2472 573 2533 iu
595 2469 672 2550 quid
690 2469 830 2550 faceres?
852 2469 958 2535 iuduii
979 2470 1037 2536 iiia
1054 2469 1170 2553 paier’.

328 2611 537 2677 Tantalidum
569 2609 651 2695 fata,
684 2633 765 2694 quae
803 2611 950 2678 versibus
983 2613 1115 2678 67-74
1148 2617 1387 2697 enumerantur,

242 2719 282 2782 ab
312 2718 427 2783 Ovidio
457 2717 570 2783 erebro
601 2721 905 2782 commemorantur.
956 2718 1066 2803 Atque
1094 2718 1200 2783 Ledae
1228 2719 1340 2784 fabula
1368 2742 1387 2783 a

241 2825 316 2891 Iove
336 2827 515 2910 adamatae,
534 2847 632 2908 quam
649 2847 678 2889 r.
698 2825 739 2890 87
760 2846 889 2909 quoque
908 2829 1005 2909 poeta
1024 2825 1177 2910 respexit,
1195 2824 1286 2890 hisee
1305 2825 1386 2890 loeis

241 2934 371 3000 obviam
394 2933 445 2997 fit:
470 2932 581 2997 Amor.
600 2929 626 3016 I,
645 2931 675 3016 3,
689 2932 746 2996 22:

476 3055 520 3122 ‘ei
541 3077 635 3140 quam
657 3057 807 3138 ficemiuea
830 3057 905 3122 iasii
926 3058 1047 3122 adulter
1069 3057 1149 3123 aue'.

332 3184 382 3267 10,
397 3183 417 3248 3
433 3204 493 3267 sq.:

374 3306 492 3389 ‘qualis
514 3311 583 3412 aad
602 3307 696 3385 Lede,
719 3328 813 3391 quam
833 3308 952 3390 plumis
974 3309 1096 3374 abditus
1121 3308 1215 3388 ades,

373 3414 504 3479 callidus
527 3415 562 3478 iu
583 3415 669 3494 falsa
692 3415 766 3480 lusit
788 3415 909 3481 aeritur
931 3414 1010 3482 eee'.

329 3556 408 3621 Met.
432 3555 481 3621 IV
502 3557 579 3622 109:

450 3679 539 3763 ‘fecii
561 3682 689 3748 olorinis
711 3681 829 3748 Ledam
851 3684 994 3749 recubare
1016 3685 1071 3750 art
1095 3684 1182 3751 aiis'.

330 3824 569 3909 Hippodamiae
592 3823 739 3890 fabulam
762 3826 863 3890 habes
886 3825 958 3890 Art.
982 3849 1043 3892 am.
1067 3827 1083 3891 I
1104 3829 1121 3892 7
1139 3849 1199 3911 sq.:

455 3947 561 4014 ‘Talis
583 3956 658 4036 erui,
680 3952 733 4034 qui
756 3955 783 4015 ie
804 3971 899 4016 curru
922 3953 1031 4016 uictore
1052 3953 1181 4032 ferebat,

454 4061 536 4121 uecta
553 4058 726 4140 perepriuis
748 4056 965 4141 Hippodamia
986 4055 1085 4123 rotis’.

331 4199 430 4265 Trist.
453 4198 487 4263 II
507 4199 572 4265 385
587 4221 649 4284 sq.:

376 4323 489 4407 ‘auidi
512 4345 575 4388 uou
601 4325 780 4392 Tantalides
802 4328 939 4410 apiiaaie
962 4325 1114 4409 Cupidine
1136 4347 1247 4397 currus

372 4433 516 4514 pisaeum
533 4431 678 4518 ptrppiis
700 4435 781 4499 uerit
801 4434 934 4500 etumus
956 4433 1081 4518 epiris?
