3346 4934
680 315 902 382 „53-

189 537 191 542 ,
214 478 270 563 qui
293 477 427 544 tertiam
444 476 611 541 heroidem
631 475 829 560 composuit,
852 475 934 539 nihil
954 495 1088 559 prorsus
1107 471 1249 557 differat3
1271 494 1361 556 prae-

215 585 329 649 sertim
353 606 426 649 cum
449 583 485 646 in
507 582 570 646 hoc
590 603 718 665 quoque
738 582 879 647 carmine
898 585 1030 666 poetam
1049 579 1188 644 latinum
1206 577 1362 643 nonnulla

215 692 253 756 de
278 713 337 755 suo
365 688 525 753 addidisse
550 686 721 751 adfirmare
748 688 881 771 possim.
928 685 1019 763 Quae
1045 686 1111 750 iam
1139 684 1269 770 singula
1291 706 1361 768 per·

216 818 403 881 sequamur,
426 817 466 860 ne
491 794 563 877 quis
588 794 686 858 dubio
711 793 914 877 relinquatur
937 792 1037 858 locus.

304 903 414 987 Atque
447 904 520 965 tota
556 900 697 984 epistula
733 901 822 965 omni
855 904 979 965 careret
1015 898 1266 983 probabilitatej
1296 897 1361 962 nisi

202 1032 328 1088 ¹uersus
353 1009 495 1074 59-62
520 1007 735 1072 edicerentur:
849 1039 853 1047 ·

350 1114 500 1198 ‘quisquis
515 1116 565 1180 ud
585 1114 658 1179 haec
679 1115 770 1179 uertit
792 1115 988 1198 perequ'uaue
1012 1113 1105 1178 litora
1122 1113 1267 1196 puppim,

349 1224 401 1288 ille
423 1222 502 1286 aaut
524 1223 561 1286 dc
583 1227 610 1286 tc
632 1223 732 1287 multa
754 1227 879 1306 sequtus
901 1221 983 1285 abit:

348 1349 500 1411 quousque
523 1327 578 1392 ctu
599 1329 720 1410 cudat,
743 1329 772 1392 si
794 1333 821 1392 te
844 1329 933 1392 modo
955 1327 1066 1391 adeat
1087 1345 1231 1410 usquam,

351 1435 486 1499 traditur
507 1434 579 1498 huic
600 1435 706 1517 stipitis
727 1434 836 1500 charte
858 1438 966 1499 uouta
987 1431 1088 1498 meis'.

219 1559 310 1636 Quod
333 1559 481 1623 versibus
505 1557 589 1642 5sq.
612 1558 775 1642 Penelope
799 1580 869 1623 sese
894 1561 1008 1642 optare
1030 1557 1217 1642 profitetur:

350 1682 380 1748 ‘o
401 1685 524 1748 uticam
548 1689 626 1768 lucu,
650 1704 720 1748 curu
741 1683 977 1748 Lacedaemona
998 1683 1095 1748 classe
1110 1680 1243 1788 putatu,

354 1790 480 1855 cautus
499 1791 621 1856 iusauis
645 1795 719 1855 esset
741 1791 862 1856 adulter
884 1787 991 1871 aquis'

217 1915 302 1999 apud
326 1913 506 1978 Homerum
533 1937 599 1980 non
627 1915 741 2000 habet,
769 1915 822 1979 oui
850 1915 1057 1999 respondeat3
1085 1917 1195 1978 tamen
1221 1935 1287 1977 non
1317 1916 1367 1976 est

218 2023 460 2086 dissentaneum
484 2021 531 2106 ei,
554 2022 674 2106 quippe
698 2043 780 2105 quae
804 2021 836 2084 in
861 2024 956 2084 tanta
974 2020 1192 2086 sollieitudine
1211 2022 1367 2083 versetur.

308 2127 384 2193 Sine
403 2127 540 2192 Homeri
558 2127 706 2211 exemplo
726 2127 926 2213 echgitavit
943 2126 1078 2191 Ovidius
1100 2148 1210 2190 versus
1226 2125 1367 2206 25—36,

220 2235 337 2320 quibus
365 2235 528 2318 Penelope
556 2234 643 2299 bello
671 2235 765 2298 finito
794 2234 935 2298 reditum
964 2233 1162 2298 Graecorum
1193 2235 1301 2295 mente
1334 2234 1368 2293 et

219 2343 420 2428 cogitatione
445 2341 703 2425 comprehendit;
732 2341 788 2406 sed
815 2341 869 2406 hic
898 2363 1026 2425 quoque
1049 2339 1225 2404 nonnullae
1250 2359 1302 2402 ros
1327 2338 1366 2401 ad

218 2449 345 2515 fontem
371 2449 574 2514 homericum
602 2448 697 2534 facile
729 2452 867 2532 possunt
900 2447 1023 2532 reduci3
1056 2447 1141 2512 sicut
1171 2467 1238 2511 non
1269 2444 1366 2528 longe

220 2556 315 2620 abest
338 2555 497 2641 suspicio,
521 2553 600 2639 quin
623 2577 718 2621 versu
742 2555 798 2619 28:

355 2677 415 2744 ‘ille'
437 2681 518 2744 uictu
540 2682 606 2744 suis
629 2681 727 2744 troica
747 2680 819 2759 fata
840 2677 971 2742 cauuut'

224 2802 340 2866 Phemi
363 2807 396 2867 et
414 2802 592 2869 Demodoci
617 2807 731 2868 cantus
752 2802 936 2888 significare
954 2801 1095 2866 voluerit
1118 2804 1224 2885 poeta,
1248 2800 1366 2884 quippe

221 2909 339 2993 quibus
362 2931 413 2975 res
437 2915 512 2976 ante
532 2911 665 2975 Troiam
689 2914 800 2996 gestae
825 2909 1078 2975 continerentur.
1110 2906 1149 2971 cf.
1173 2906 1272 2973 aaut
1288 2927 1369 2989 sqq,

222 3024 240 3083 θ
262 3018 302 3083 73
318 3039 386 3101 sqq.
411 3018 476 3082 499
492 3040 561 3103 sqq.

308 3122 361 3188 Ab
376 3122 521 3192 Homero
546 3129 656 3190 autem
675 3125 781 3198 aliena
799 3128 850 3188 est
870 3123 973 3209 sigeia
991 3121 1088 3186 tellus
1106 3143 1201 3186 versu
1221 3121 1263 3185 33
1283 3142 1367 3184 com-

221 3236 410 3296 memorata.
456 3231 559 3298 Porro
583 3233 621 3296 de
645 3254 704 3297 suo
729 3231 863 3296 Ovidius
888 3230 997 3295 omnia
1020 3227 1181 3292 addidisse
1204 3227 1367 3309 putandus

147 3335 148 3340 ’
221 3341 281 3422 est,
305 3359 387 3421 quae
407 3339 554 3404 versibus
574 3338 706 3403 51-56
725 3338 763 3403 de
787 3337 902 3402 Troiae
921 3335 1012 3400 urbis
1032 3335 1164 3400 fortuna
1181 3338 1368 3398 narrantur:

356 3444 426 3510 ‘uus'
448 3445 527 3510 ruiti
549 3446 703 3530 Perperna
725 3449 855 3528 autaut,

357 3552 458 3617 lucete
481 3554 599 3634 captiuo
621 3573 699 3635 quae
721 3552 791 3617 boue
813 3552 908 3616 uictor
929 3554 1017 3627 crau

354 3659 421 3722 caut
443 3678 524 3742 scqes
546 3664 601 3742 est,
625 3660 677 3723 sebi
702 3659 798 3723 Troia
818 3659 898 3742 fuit,
919 3657 1140 3737 resecandaque
1160 3655 1240 3735 salue

357 3765 500 3829 lceuuriat
514 3765 648 3848 pluqqe'o
666 3766 817 3848 seuquiue
834 3764 963 3846 piuquc's
985 3763 1108 3844 tremus,

354 3873 549 3954 semisepulta
571 3872 674 3935 uirum
696 3871 797 3936 curuis
818 3870 976 3950 feriuntur
998 3871 1114 3952 aratis,

355 3998 425 4043 ossa
446 3979 593 4043 ruinosas
615 3977 725 4043 occulit
745 3977 837 4042 tuba
860 3975 990 4042 douos’.

312 4101 459 4186 Denique
484 4101 512 4165 si
530 4100 692 4186 Penelope
712 4125 739 4166 v.
755 4102 798 4167 85
812 4123 860 4186 sq.
879 4102 916 4166 de
936 4105 1028 4186 patre
1050 4123 1108 4165 suo
1132 4105 1170 4164 ut
1193 4100 1265 4184 ipsa
1283 4122 1368 4165 novo

223 4208 293 4272 viro
317 4209 421 4273 nubat
445 4209 595 4292 cupiente
620 4208 712 4273 dicit:

356 4313 425 4380 ‘ille
449 4320 551 4380 tamea
569 4317 684 4399 pietate
706 4337 774 4381 mea
790 4317 989 4400 precibusque
1007 4316 1129 4397 pudicis

353 4421 515 4505 frauqitur
536 4427 565 4486 ct
586 4423 666 4487 uires
689 4428 834 4506 temperat
855 4423 920 4504 ipse
940 4421 1031 4488 suas'
