3326 4930
756 337 976 402 ...86-

294 499 454 585 Alcyone,
486 498 693 583 Alexirrhoe,
729 498 929 580 Anaxarete,
963 495 1146 583 Antigone,
1182 494 1303 575 Α11ο1,
1340 495 1439 581 Arne,

295 607 442 691 Asterie,
465 605 625 672 Autonoe.

385 714 474 790 Quae
498 736 572 780 cum
594 713 643 777 ita
661 711 742 797 sint,
765 733 893 797 vercor,
915 711 1075 776 ucetiam
1099 734 1138 776 ex
1160 711 1349 776 heroidibus
1372 735 1439 777 non

296 822 406 888 omnia
428 822 587 888 vocabula
608 821 672 886 huc
694 818 893 904 pertinentia
916 840 936 883 a
962 818 1129 904 Draegero
1157 818 1340 904 perscripta
1363 818 1439 884 sint.

297 927 360 993 Sed
383 951 434 1012 ea,
458 950 538 1011 quae
558 927 685 1011 attulit,
709 926 814 1008 adid,
837 926 922 1011 quod
944 948 1005 990 nos
1029 926 1193 1010 volumus,
1216 926 1439 991 demonstran·

295 1036 372 1100 dum
392 1033 572 1120 sufficiunt,
596 1038 761 1099 auctorem
784 1033 955 1098 heroidum
977 1032 1035 1097 III.
1058 1031 1149 1097 VIII.
1172 1032 1228 1097 IX.
1252 1031 1439 1100 XII-XIV

190 1163 192 1168 ·
296 1142 395 1207 etiam
422 1141 656 1207 vocabulorum
684 1141 870 1206 inventione
899 1162 965 1205 non
993 1138 1120 1204 differre
1149 1140 1190 1205 ab
1218 1140 1290 1223 ipso
1315 1139 1440 1206 Ovidio.

385 1246 494 1333 Atque
513 1253 552 1313 ut
569 1248 644 1313 inde
664 1247 821 1334 exordiar,
839 1270 952 1312 corum
970 1246 1213 1333 vocabulorum,
1232 1269 1313 1332 quae
1332 1246 1439 1311 latini-

298 1355 376 1420 tatis
400 1360 476 1420 sunt
500 1355 584 1422 ἅπαξ
609 1356 771 1439 εἰρημένα,
793 1355 874 1420 haec
897 1354 962 1419 tria
985 1353 1132 1440 Draeger
1156 1354 1338 1419 adnotavit:

385 1463 600 1529 medicatus
624 1461 689 1526 XII
716 1461 787 1528 165.

382 1569 609 1655 bicorniger
631 1565 716 1634 XIII
738 1568 791 1634 33.

383 1676 575 1762 Dysparis
597 1674 681 1740 XIII
702 1676 756 1741 43.

385 1783 599 1848 Substantiva
622 1786 731 1847 autem
754 1783 789 1847 in
811 1787 877 1847 -tus
901 1783 1095 1868 desinentia,
1122 1786 1161 1847 ut
1184 1781 1382 1867 ‘moderatus',
1408 1787 1441 1847 et

295 1891 455 1957 adiectiva
477 1891 512 1954 in
531 1911 602 1975 ·ger
619 1890 779 1975 exeuntia,
801 1894 839 1955 ut
858 1889 1058 1974 ‘btcorar'pcr’,
1077 1891 1118 1954 ab
1138 1889 1254 1955 Ovidio
1278 1891 1441 1974 permulta

295 2001 373 2064 ficta
395 2020 465 2062 esse
491 1997 557 2062 iam
582 1995 718 2063 Scheibe
741 1998 762 2061 I.
784 1998 805 2062 I.
828 2021 859 2083 p.
883 1999 903 2064 3
932 2001 965 2062 et
988 1997 1091 2063 Favre
1114 1998 1136 2062 l.
1159 1997 1179 2061 l.
1202 2019 1233 2081 p.
1257 1998 1298 2062 89
1315 2019 1362 2080 sq.
1389 1997 1440 2062 de-

296 2108 530 2171 monstrarunt.
575 2105 660 2169 Item
684 2109 761 2170 sunt
784 2104 868 2173 ἅπαξ
892 2105 1055 2185 εἰρημέναι

384 2212 532 2277 electus
557 2211 631 2276 Her.
654 2209 689 2276 Π
715 2213 786 2277 144.

385 2322 538 2384 erratus
561 2316 639 2383 Met.
663 2317 713 2384 IV
737 2317 810 2384 567.

384 2425 651 2510 praemonitus
675 2423 752 2489 Met.
775 2423 839 2490 XV
863 2426 936 2490 800.

384 2533 607 2617 suspiratus
632 2529 709 2595 Met.
733 2530 813 2595 XIV
839 2532 909 2596 129.

384 2639 588 2725 penatiger
609 2635 688 2703 Met.
712 2637 774 2703 XV
797 2638 873 2704 450.

384 2746 509 2812 Vocem
532 2750 641 2811 autem
665 2744 850 2830 ‘Dyspures'
873 2769 913 2810 111
935 2744 1071 2811 Homeri
1094 2769 1189 2812 versu
1212 2747 1228 2812 Ι
1252 2749 1308 2814 39:

430 2872 590 2950 Δύεπαρι,
615 2869 700 2935 εἶδος
724 2868 842 2953 dolere,
866 2872 1069 2950 γυναιμανές,
1095 2871 1301 2950 ἠπεροπευτά

296 3018 355 3079 pro
379 2995 501 3060 tradite
523 2994 663 3061 lectione
687 2982 897 3060 ‘Duco‘Poro‘’
921 2994 956 3058 in
978 2998 1106 3060 textum
1129 3017 1199 3061 esse
1222 2997 1442 3081 recipiendum

296 3105 426 3167 constat
448 3102 534 3166 inter
556 3102 644 3166 viros
668 3101 790 3166 doctos.
834 3098 896 3166 Sed
919 3101 1015 3167 facile
1038 3103 1109 3166 fieri
1131 3103 1255 3188 potuit,
1278 3108 1316 3168 ut
1334 3108 1442 3189 poeta,

296 3232 369 3274 cum
393 3231 522 3273 versum
545 3209 639 3272 illum
662 3208 834 3273 scriberet:

429 3331 594 3415 ‘Dysport
617 3332 790 3412 Prromeiie,
812 3334 926 3398 damno
946 3334 1079 3415 formose
1101 3334 1236 3400 tuorum'

295 3479 361 3521 non
383 3457 585 3522 homericum
608 3479 738 3522 versum
761 3458 970 3544 exprimeret,
998 3459 1054 3523 sed
1077 3459 1292 3546 euripideum,
1320 3462 1355 3525 in
1378 3483 1441 3544 quo

295 3587 358 3629 vox
381 3564 439 3628 illa
460 3563 626 3629 homerica
649 3563 811 3648 inesset.¹)
848 3564 1000 3629 Ovidium
1023 3565 1131 3650 ipsum
1154 3567 1287 3632 nomina
1309 3568 1442 3653 propria

296 3693 315 3734 a
340 3669 472 3735 Graecis
495 3670 683 3754 frequenter
706 3672 864 3756 repetisse
887 3671 953 3736 iam
976 3672 1125 3738 vidimus.

386 3775 548 3861 Sequitur,
571 3781 610 3852 ut
633 3800 670 3842 ea
693 3778 852 3844 vocabula
875 3800 1113 3865 enumeremuS,
1137 3803 1218 3864 quae
1242 3779 1277 3845 in
1299 3803 1356 3845 sex
1374 3781 1441 3845 illis

295 3883 483 3948 heroidibus
501 3884 658 3969 primum,
680 3908 740 3950 nec
759 3889 869 3950 tamen
888 3884 968 3949 alias
988 3886 1073 3970 apud
1091 3886 1257 3970 Ovidium,
1281 3888 1337 3952 sed
1357 3888 1441 3971 apud

294 3990 492 4074 posteriores
516 3981 645 4056 demum
669 3993 844 4076 scriptores
869 3995 1050 4058 occurrant.
1096 3991 1180 4058 Sunt
1204 3997 1313 4059 autem
1335 3995 1384 4058 hi:

385 4095 670 4180 extimescere²)
694 4121 768 4164 cum
790 4098 952 4164 infinitivo
976 4100 1186 4166 coniunctum
1208 4099 1273 4166 XII
1299 4103 1371 4166 117.

386 4295 412 4362 1)
431 4291 472 4347 cf.
492 4307 525 4345 ea
545 4306 616 4360 quae
636 4307 720 4360 supra
739 4291 774 4345 de
792 4291 940 4346 heroidum
958 4291 1083 4348 fontibus
1102 4292 1253 4363 disputavi.

385 4383 412 4449 2)
432 4380 475 4435 Ab
495 4378 597 4440 ovidio
615 4379 705 4434 multa
723 4382 809 4437 verba
831 4380 952 4451 primum
976 4397 1039 4436 cum
1061 4381 1201 4438 infinitivo
1225 4383 1358 4453 copulata
1381 4399 1443 4439 csse

296 4469 421 4538 Draeger
439 4471 458 4524 l.
478 4470 496 4524 l.
516 4488 542 4539 p.
559 4475 575 4524 8
590 4487 630 4538 eq.
651 4469 839 4539 compluribus
859 4471 994 4540 exemplis
1013 4470 1215 4540 comprobavit.
