3326 4930
703 305 923 369 -ῃ-

240 439 390 547 srieatant
420 464 460 527 ad
493 461 644 527 Herculis
678 464 955 532 consecrationem
985 463 1063 526 Met,
1082 461 1129 526 IX
1149 463 1212 527 239
1238 483 1307 546 sqq.
1341 485 1388 527 ne-

239 570 350 634 latam.
395 569 486 634 Idem
510 571 636 635 eaelum
660 569 775 634 tulisse
799 570 920 635 dieitur
942 569 1020 640 Met.
1039 569 1087 633 IX
1109 571 1185 636 198:

374 694 449 760 ‘hae
471 696 587 760 eaetnnr
611 696 721 760 caerae
745 694 822 760 tati?

238 823 271 884 et
295 819 406 885 Amor.
425 819 459 883 Π
478 820 541 885 217
563 841 624 903 sq.:

374 941 443 1010 ‘aa
463 946 615 1027 fatiaatae
632 945 810 1028 perimendo
833 949 973 1009 monstra
995 965 1140 1009 novercae

371 1053 425 1133 qni
447 1052 711 1130 maritantem,
734 1052 817 1133 qnod
835 1053 923 1133 {nior
946 1053 1010 1132 ipse
1033 1051 1124 1116 arri?

327 1174 441 1259 Neque
468 1176 576 1240 minus
607 1175 742 1240 Ovidius
772 1175 914 1258 reliquas
944 1198 1073 1261 quoque
1101 1199 1153 1240 res
1184 1177 1224 1240 ab
1248 1174 1388 1240 Hercule

239 1285 364 1367 gestas,
387 1304 469 1365 quae
492 1285 527 1348 in
553 1307 641 1348 nona
668 1284 809 1368 epistula
837 1288 1078 1367 enumerantur,
1104 1284 1281 1348 identidem
1305 1306 1390 1349 eam-

239 1389 445 1475 memoravit3
474 1391 559 1456 sieut
594 1389 637 1478 (v.
657 1392 697 1455 21
720 1412 767 1475 sq.
796 1390 838 1456 85
859 1387 921 1477 sq.)
951 1412 1073 1476 angues
1107 1391 1141 1454 in
1172 1391 1262 1456 aunis
1292 1391 1389 1454 elisos

237 1494 310 1559 Art.
330 1495 426 1560 am.I
450 1499 519 1563 187.
538 1496 621 1561 ¹Met.
642 1493 689 1561 IX
709 1498 760 1562 67.

327 1603 378 1668 Ad
411 1627 540 1669 versum
564 1605 620 1688 61,
645 1625 709 1687 quo
739 1603 944 1690 significatur
969 1604 1019 1668 leo
1047 1625 1219 1668 nemeaeus
1249 1603 1287 1668 af.
1311 1602 1389 1667 Met.

238 1708 286 1773 IX
315 1711 389 1774 197:

374 1814 440 1884 ‘his
463 1821 538 1885 elisa
560 1820 638 1884 iacet
659 1819 753 1883 nates
775 1839 918 1884 nemeaea
941 1817 1077 1884 lacertis'

238 1941 279 2005 ad
311 1964 339 2006 v.
360 1942 401 2006 67
431 1947 464 2007 et
496 1943 537 2009 89
558 1966 614 2029 sq„
647 1943 765 2027 quibus
799 1943 909 2029 agitur
941 1935 979 2007 de
1013 1946 1118 2006 morte
1146 1940 1316 2005 Diomedis
1351 1939 1390 2004 cf.

237 2045 317 2113 lbid.
339 2049 404 2113 379
424 2072 485 2135 sq.:

373 2155 424 2220 ‘nt
445 2158 500 2239 qni
523 2155 642 2220 threicii
664 2159 820 2239 qnondam
838 2159 1001 2242 maerente
1024 2157 1104 2238 reyis

237 2267 239 2273 ’
370 2264 507 2344 fecerant
529 2263 660 2345 madens
682 2264 921 2346 sananinatenta
942 2261 1028 2329 snia’

241 2388 306 2453 399
331 2410 415 2473 sqq.:

376 2513 426 2578 ‘nt
446 2514 501 2596 qni
524 2513 673 2579 terribiles
690 2535 751 2595 pro
770 2533 901 2597 eramen
923 2511 1102 2577 tabentibus
1123 2511 1224 2574 dabis

371 2621 487 2703 inpias
509 2619 644 2686 hnmano
667 2622 778 2686 riseere
798 2622 886 2702 parit
907 2617 1025 2701 eanos'

238 2744 314 2810 Met.
335 2744 381 2809 lx
406 2745 470 2809 194
493 2766 566 2829 sqq.

326 2852 487 2917 Busiridis
512 2853 597 2917 sieut
620 2875 648 2917 v.
669 2852 710 2916 69
735 2874 782 2936 sq.
805 2851 928 2915 mentio
952 2851 991 2913 fit
1014 2848 1092 2913 Met.
1112 2847 1162 2912 IX
1186 2849 1260 2913 183:

371 2976 456 3062 ‘erqo
480 2998 532 3061 eya
553 2978 727 3058 foedantem
744 2978 907 3060 perreriae
931 2976 1043 3058 tenrpta
1065 2994 1172 3038 errrore

249 3148 254 3155 .
371 3085 508 3150 Busirin
531 3083 681 3150 donni?'

239 3208 320 3274 Ibid.
336 3209 399 3274 397
421 3231 482 3293 sq.:

373 3314 487 3396 ‘frater
509 3321 544 3381 at
566 3317 684 3381 Antaei
706 3337 764 3399 qno
787 3315 937 3398 sananine
959 3313 1074 3392 debuit,
1101 3334 1176 3379 aras

374 3425 481 3504 tinnit,
504 3429 533 3489 et
554 3424 699 3508 eaernptis
721 3425 830 3489 accidit
851 3425 915 3506 inse
937 3419 1023 3487 sais?

326 3548 472 3614 Antaeus
505 3549 649 3613 devictus
687 3549 772 3612 sieut
801 3570 830 3611 v.
851 3547 889 3610 71
919 3568 966 3629 sq.
999 3549 1274 3610 commemoratur
1306 3543 1386 3607 Met.

236 3655 283 3719 IX
311 3657 371 3722 183
392 3678 453 3740 sq..
628 3743 789 3826 ‘sanoque
811 3743 960 3808 alimenta
977 3743 1121 3824 parentis

370 3853 492 3918 Antaeo
515 3850 632 3936 niani'

236 3981 269 4040 et
292 3977 374 4042 lbid.
393 3978 473 4042 393:

370 4082 424 4148 ‘nt
444 4104 520 4166 qnos
542 4085 658 4149 Antaei
678 4085 773 4164 fortes
790 4102 931 4165 pressere
954 4079 1079 4146 lacerti?

325 4208 377 4273 Ad
400 4230 513 4274 versus
537 4209 578 4273 87
605 4230 670 4293 sq.:

370 4315 421 4380 ‘nt
442 4321 575 4400 teqeaens
597 4336 671 4397 aner
693 4316 893 4398 nprnsifero
916 4313 1113 4396 Erymantho

369 4423 506 4506 inarrhat,
528 4427 557 4487 et
577 4427 663 4488 nasta
679 4424 815 4504 pendae
838 4422 933 4486 laedit
955 4418 1105 4484 trenam?
