3326 4930
762 304 980 369 ,68-

392 465 507 549 Neque
531 486 606 528 vero
631 463 660 527 ei
684 463 731 527 rei
753 463 853 527 nimis
877 463 1085 526 tribuendum
1109 483 1192 544 esse,
1216 463 1302 545 quod
1325 461 1360 525 in
1379 460 1447 524 An-

262 557 268 568 ’
301 571 475 638 dromache
513 571 677 654 euripidea
718 570 932 634 Hermionam
968 568 1186 652 Neoptolemo
1222 571 1359 651 nuptam
1400 568 1446 632 11-

300 680 482 764 veniamus,
514 678 631 742 docent
665 699 776 742 versus
809 675 874 741 966
903 697 971 760 sqq.
1001 671 1145 740 eiusdem
1179 673 1321 739 fabulae:
1355 675 1447 760 (sunt

298 788 399 852 *verba
423 781 564 871 Orestis)

676 891 733 971 ἐμὴ
757 892 818 971 γὰρ
842 891 921 956 odeo
945 893 1020 971 πρὶν

483 1001 539 1064 εὺν
562 1003 645 1083 τῷδε
670 998 768 1062 ναίειε
792 995 883 1077 ἀνδρὶ
907 1001 962 1062 (οὓ
986 998 1107 1076 πατρὸς
1132 997 1221 1082 κάκῃ,

483 1107 520 1170 ὃ(
543 1107 617 1184 πρὶν
641 1105 680 1169 τὰ
703 1103 820 1183 Τροία(
844 1103 1002 1184 είεβαλείν
1026 1104 1178 1184 ὁρίεματα

483 1211 607 1289 γυναῖκ’
630 1211 701 1290 ἐμοί
724 1233 756 1276 εε
781 1213 856 1276 δοὺε
880 1209 1028 1290 ὑπέεχεό
1051 1211 1184 1289 ὕετερον

483 1325 529 1403 τῷ
554 1323 612 1383 νῦν
636 1317 661 1383 c'
685 1319 805 1398 ἔχοντι,
829 1317 954 1396 Τρωάδ’
978 1317 1004 1382 εἰ
1028 1320 1138 1398 ’πέρεοι
1162 1317 1265 1382 πόλιν.

389 1479 476 1545 Nam
507 1479 561 1544 hic
595 1501 722 1564 quoque
755 1501 821 1544 non
853 1478 1023 1562 Tyndareo
1053 1479 1109 1542 sed
1139 1477 1287 1542 Menelao
1317 1480 1447 1542 auctore

241 1619 243 1623 ·
300 1587 501 1652 Hermionen
533 1585 642 1650 Oresti
674 1589 805 1669 pactam
844 1607 914 1650 esse
951 1585 1091 1670 legimus
1131 1588 1164 1648 et
1198 1584 1328 1668 quidem
1360 1584 1447 1648 bello

300 1695 429 1760 troiano
458 1693 603 1758 nondum
632 1693 802 1778 incohato,
831 1714 905 1757 cum
932 1697 1031 1776 poeta
1060 1691 1182 1756 latinus
1211 1691 1359 1756 Menelao
1383 1691 1448 1754 iam

303 1802 452 1886 profecto
476 1800 558 1865 illud
581 1798 737 1863 accidisse
760 1803 880 1863 narret.

390 1926 479 2002 Quae
502 1947 577 1989 cum
603 1924 652 1986 ita
681 1923 760 2006 sint,
792 1923 951 2008 sequitur,
981 1927 1018 1986 ut
1045 1923 1203 1988 aliorsum
1233 1945 1293 1988 nos
1318 1946 1447 1989 conver·

301 2037 409 2097 tamus
446 2052 577 2096 necesse
613 2029 670 2113 sit,
708 2030 736 2094 si
769 2033 903 2095 octavae
940 2029 1099 2114 epistulae
1133 2029 1259 2094 fontem
1297 2031 1447 2116 detegere

300 2140 447 2204 velimus.
484 2137 594 2222 Atque
612 2141 651 2200 ut
674 2137 782 2202 missis
803 2137 995 2222 ambagibus
1016 2136 1174 2221 aperiam,
1199 2137 1276 2220 quid
1301 2137 1448 2220 sentiam,

304 2245 526 2310 coniecturam
559 2267 578 2307 a
609 2225 761 2308 Birtiol.
780 2244 800 2307 l.
824 2264 898 2328 pag.
916 2244 983 2307 400
1014 2244 1178 2327 prolatam
1210 2248 1335 2309 rectam
1367 2244 1449 2309 mihi

301 2352 403 2416 videri
440 2351 630 2438 pronunti03
668 2351 724 2434 qui
762 2351 868 2415 causis
901 2371 968 2414 non
1006 2350 1126 2415 additis
1164 2374 1235 2416 eam
1273 2352 1447 2436 epistulam

303 2456 476 2541 Sophoclis
508 2456 639 2521 fabulae
672 2457 872 2542 deperditae,
905 2478 986 2540 quae
1019 2457 1165 2536 Ἑρμιόνη
1198 2458 1450 2543 inscribebatur,

302 2565 424 2649 optime
454 2565 648 2648 respondere
676 2564 767 2629 dixit.
813 2564 889 2628 Etsi
916 2563 1003 2628 enim
1031 2564 1175 2648 exceptis
1203 2588 1268 2630 uno
1297 2588 1393 2630 versu
1416 2569 1449 2630 et

301 2693 365 2735 uno
385 2671 544 2736 vocabulo
564 2673 602 2736 de
621 2671 683 2736 hac
701 2670 814 2736 fabula
832 2671 916 2736 nihil
935 2672 975 2736 ad
994 2675 1109 2738 nostra
1128 2675 1278 2756 tempora
1291 2673 1448 2757 pervenit,

300 2777 365 2842 nisi
389 2779 545 2862 perbreve
569 2777 726 2844 Eustathi
751 2778 980 2862 summarium,
1003 2782 1114 2843 tamen
1132 2779 1296 2862 pauxillae
1317 2779 1379 2843 hae
1403 2801 1449 2843 re·

301 2885 422 2968 liquiae
446 2885 556 2971 adid,
580 2887 665 2970 quod
688 2908 749 2950 nos
773 2887 936 2970 volumus,
960 2885 1248 2950 demonstrandum
1272 2885 1447 2950 sufficiunt.

301 2989 519 3056 Conseruntur
534 2993 630 3057 modo
645 2992 804 3057 Eustathi
818 2993 918 3057 verba
924 3044 933 3076 ,
952 3015 1034 3076 quae
1049 2992 1149 3056 habes
1165 2994 1251 3076 apud
1264 2991 1448 3057 Nauokium
1482 2977 1485 2982 Α

302 3099 337 3163 11
360 3121 397 3164 1ο
421 3100 521 3185 libro,
550 3121 613 3183 quo
638 3099 824 3186 fragmenta
852 3099 1053 3186 tragicorum
1076 3120 1269 3185 graecorum
1296 3098 1449 3185 conlegit,

302 3227 375 3292 pag.
402 3208 465 3272 140
473 3205 512 3294 ¹):
551 3208 718 3286 (οφοκλῇε
738 3208 787 3286 δέ,
812 3207 922 3286 φαείν,
946 3209 982 3272 ἐν
995 3205 1141 3290 Ἑρμιόνῃ
1160 3206 1278 3287 ίετορεῖ
1296 3208 1332 3272 ἐν
1351 3207 1449 3291 Τροίᾳ

303 3311 398 3377 ὄντος
427 3313 473 3378 ἔτι
503 3312 674 3379 Μενελάου
702 3314 871 3393 ἐκδοθῆναι
899 3316 958 3393 τὴν
980 3313 1147 3393 Ἑρμιόνην
1171 3313 1235 3378 ὑπὸ
1258 3313 1449 3393 Τυνδάρεω(

303 3424 348 3503 τῷ
378 3417 521 3504 Ὀρέετῃ·
556 3419 624 3485 εἶτα
657 3420 790 3499 ὕετερον
818 3419 1046 3501 ἀφαιρεθεϊεαν
1074 3420 1174 3485 αὐτοῦ
1204 3421 1373 3500 ἐκδοθῆναι
1403 3425 1449 3504 τῷ

306 3527 521 3611 Νεοπτολέμῳ
546 3528 625 3591 κατὰ
648 3531 706 3607 τὴν
730 3529 766 3593 ἐν
789 3528 888 3612 Τροίᾳ
911 3527 1089 3606 ὑπόεχεειν.
1136 3532 1169 3592 11
1193 3549 1274 3611 quae
1297 3527 1448 3611 deinceps

304 3637 491 3716 sequuntur.
537 3633 610 3698 Hoc
642 3634 745 3719 igilur
776 3635 849 3699 loco
884 3656 957 3699 cum
985 3656 1005 3697 a
1034 3632 1203 3718 Tyndareo
1236 3633 1449 3698 Hermionam

304 3729 414 3804 Oresti
436 3740 471 3804 in
494 3741 740 3807 matrimonium
763 3742 848 3805 tradi
871 3741 1038 3806 videamus
1066 3739 1215 3805 Menelao
1239 3741 1273 3804 in
1296 3741 1449 3805 Troiano-

303 3865 377 3911 rum
395 3847 515 3912 finibus
535 3853 697 3934 morante,
721 3871 859 3932 eumquc
878 3847 1096 3930 Neoptolemo
1117 3848 1157 3911 ab
1181 3846 1244 3911 hoc
1262 3847 1360 3911 fidem
1379 3868 1449 3912 esse

303 3954 414 4018 datam
437 3958 604 4041 narretur,
631 3960 775 4040 tempus,
803 3956 925 4040 locum,
952 3975 1107 4038 personas
1133 3954 1255 4039 optime
1279 3954 1449 4020 convenire

304 4083 377 4125 cum
391 4061 445 4146 iis,
464 4083 546 4144 quae
561 4060 692 4126 Heroid.
708 4061 789 4126 VIII
803 4061 935 4127 31-35
950 4061 1148 4146 referuntur,
1166 4061 1289 4145 liquido
1305 4065 1449 4147 apparet.

303 4166 438 4232 Accedit
462 4168 526 4232 alia
549 4190 677 4252 quoque
700 4190 765 4254 res,
789 4191 854 4253 qua
871 4173 986 4234 nostra
1010 4168 1172 4234 sententia
1190 4169 1282 4233 valde
1300 4169 1450 4234 videatur

303 4331 515 4340 ...ι-,Ἣ

347 4463 352 4473 .
395 4437 421 4502 1)
442 4433 523 4502 Apud
541 4431 715 4487 Dindorfium
733 4432 798 4487 VIII
813 4409 868 4488 211
883 4433 1016 4490 editionis
1035 4433 1209 4490 oxoniensis³
1229 4439 1306 4490 1860.
