3326 4930
632 311 930 402 frav-

235 473 304 538 sine
327 473 396 537 ulla
418 473 535 537 idonea
560 495 659 538 causa
682 472 717 537 in
735 469 979 537 Commentario
1002 471 1043 536 ad
1061 470 1249 539 Lucretium
1271 497 1302 558 p.
1316 474 1382 539 406

233 581 282 665 ita
307 580 508 665 immutavit,
536 584 574 644 ut
597 603 657 664 pro
682 579 871 646 nominibus
895 578 1037 664 propriis
1063 581 1222 645 vocabula
1241 577 1381 646 ‘Oresta'

234 691 267 751 et
291 686 413 769 ‘Lydo'
445 687 610 751 insereret.
658 686 764 764 Quam
797 686 959 751 rationem
992 708 1011 750 a
1043 684 1188 751 Lucieno
1223 685 1381 752 Muellero

233 792 316 858 Mus.
340 793 443 858 Rhen.
467 791 579 858 XVIII
593 818 623 880 p.
639 794 680 859 88
705 794 822 859 merito
847 794 993 860 videmus
1017 792 1217 878 reprehendi.

322 898 465 966 Difficile
489 903 539 966 est
563 902 601 967 de
625 923 720 966 versu
743 902 805 967 113
829 901 988 986 epistulae
1013 904 1147 986 quartae
1171 900 1313 966 decimae
1336 901 1382 963 iu-

234 1007 354 1072 dicare:

438 1095 507 1162 ‘ille
527 1098 615 1178 ferox
636 1099 713 1163 solio
734 1099 819 1163 solue
841 1103 1012 1180 sceptroque
1028 1095 1177 1179 potilur!

233 1219 320 1285 Nam
343 1219 495 1286 Ovidium
519 1239 646 1307 semper
669 1219 819 1305 ‘potitur'
838 1222 945 1286 media
967 1226 1118 1306 correpta
1141 1221 1271 1304 dixisse,
1296 1220 1382 1304 quod

234 1326 463 1394 Lachmannus
486 1328 507 1392 l.
526 1327 546 1392 l.
569 1350 599 1413 p.
619 1329 661 1393 59
691 1328 891 1412 observavit,
919 1327 1186 1413 Eschenburgius
1209 1327 1383 1410 1.l.p.2o

233 1435 330 1520 plane
355 1435 602 1504 demonstravit.
646 1434 761 1519 Neque
784 1457 862 1501 vero
890 1434 985 1500 illum
1008 1456 1140 1499 versum
1164 1433 1383 1498 adulterinum

233 1564 303 1608 esse
334 1541 497 1608 Lucienus
530 1541 667 1608 Mueller
698 1543 736 1607 de
769 1564 804 1607 re
832 1545 925 1606 metr.
954 1565 985 1625 p.
1004 1539 1105 1625 lbsq.
1138 1540 1219 1604 satis
1251 1539 1380 1604 videtur

133 1667 141 1672 ·
232 1650 471 1733 comprobasse.
519 1647 581 1714 Sed
609 1649 743 1714 dubium
771 1669 841 1714 esse
863 1647 991 1733 nequit,
1019 1647 1096 1732 quin
1121 1633 1254 1712 Ovidius
1279 1646 1379 1711 etiam

232 1753 379 1836 ‘potitur'
402 1756 509 1821 media
535 1757 635 1841 longa
663 1756 768 1822 dicere
791 1755 950 1840 potuerit,
977 1777 1076 1839 quam
1104 1754 1291 1838 prosodiam
1315 1753 1379 1817 Au-

231 1863 321 1948 gusti
349 1866 456 1928 aetate
485 1862 612 1927 etiamsi
641 1884 708 1927 non
730 1863 901 1946 usitatam,
930 1866 1040 1926 tamen
1064 1861 1246 1946 legitimam
1270 1859 1380 1944 fuisse,

231 1991 326 2034 nemo
350 1969 446 2036 facile
469 1970 613 2055 negabit.

322 2214 393 2280 lam
421 2217 519 2282 finem
548 2218 710 2283 scribendi
739 2216 867 2282 facturo
890 2217 1041 2288 breviare
1061 2215 1143 2280 mihi
1166 2216 1273 2300 liceat,
1297 2238 1378 2300 quae

231 2323 292 2388 hac
316 2323 546 2389 dissertatione
570 2325 608 2388 de
633 2323 758 2410 origine
784 2323 954 2389 heroidum
978 2321 1151 2406 disputavi.
1197 2320 1378 2405 Postquam

233 2429 327 2495 Ovidi
351 2430 454 2515 ipsius
479 2430 682 2516 aliorumque
706 2430 910 2515 testimonia,
938 2451 1019 2515 quae
1044 2433 1122 2495 sunt
1144 2427 1321 2512 rarissima,
1344 2429 1379 2493 in

230 2537 349 2599 haere
373 2537 467 2601 flocci
489 2536 638 2602 facienda
661 2559 731 2602 esse
759 2539 983 2602 demonstrare
1012 2536 1137 2621 studui,
1166 2535 1298 2600 illorum
1322 2557 1377 2600 sex

232 2640 412 2705 carminum
434 2640 494 2706 ΙΙΙ.
518 2640 610 2706 VIII.
633 2642 689 2708 IX.
712 2641 909 2727 XII-XIV,
933 2644 972 2707 de
992 2664 1131 2727 quorum
1149 2643 1275 2729 origine
1299 2665 1377 2708 non-

232 2747 308 2812 dum
328 2748 410 2812 satis
429 2746 579 2833 liqueret,
598 2749 869 2833 compositionem
886 2753 919 2813 et
934 2754 1136 2834 argumenta,
1159 2750 1376 2814 elocutionem

231 2858 265 2918 et
297 2859 402 2918 artem
434 2855 617 2920 metricam·
638 2855 686 2919 ita
718 2859 859 2921 tractare
892 2860 1028 2920 conatus
1062 2878 1148 2940 sum,
1179 2859 1216 2920 ut
1252 2856 1377 2920 nullam

229 2961 378 3025 idoneam
407 2982 539 3027 causam
567 2961 705 3027 inveniri
733 2984 829 3047 posse
857 2961 1088 3046 patefacerem,
1115 2966 1251 3047 propter
1279 2984 1378 3046 quam

229 3091 327 3133 unam
354 3069 405 3133 vel
428 3069 538 3154 plures
565 3070 736 3135 heroidum
765 3069 882 3135 Ovidio
911 3070 1132 3135 abiudicemus
1162 3092 1293 3135 necesse
1324 3072 1377 3136 sit.

230 3175 435 3258 Quamquam
459 3180 569 3242 autem
593 3177 722 3262 scripsi,
753 3199 820 3241 non
847 3181 885 3242 ut
912 3177 1015 3262 volui,
1047 3177 1102 3242 sed
1126 3180 1164 3241 ut
1186 3177 1306 3242 virium
1329 3182 1377 3242 te-

229 3281 340 3345 nuitas
363 3282 525 3366 permisit,
548 3288 658 3348 tamen
682 3306 776 3369 spero
800 3283 880 3370 fore,
907 3289 945 3349 ut
969 3283 1230 3369 quattuordecim
1253 3285 1375 3368 primas

192 3417 194 3422 v
229 3388 401 3473 epistulas,
434 3391 550 3472 poetae
580 3392 796 3455 sulmonensis
825 3396 895 3456 arte
925 3391 1121 3477 ingenioque
1154 3391 1372 3476 dignissimas,

229 3495 270 3558 ab
294 3494 366 3579 ipso
390 3494 554 3578 profectas
579 3517 648 3560 esse
672 3519 767 3561 nemo
791 3498 858 3562 iam
882 3498 1004 3562 infitias
1028 3497 1075 3561 ire
1099 3497 1226 3562 audeat.
1307 3567 1308 3570 ,
