3326 4930
716 283 959 347 -120-

263 468 328 510 non
361 447 430 507 tam
462 442 649 526 frequenter
682 463 849 507 occurrere
882 463 980 526 quam
1014 442 1098 526 apud
1131 443 1213 508 alios
1248 445 1363 527 poetas
1377 436 1411 526 ¹).

263 551 437 616 Praeterea
467 549 646 615 consimilis
679 549 824 612 elisionis
857 571 935 613 usus
968 552 1019 612 est
1050 548 1085 613 in
1116 554 1234 633 quarto
1268 550 1410 615 carmine

261 659 338 723 libri
366 657 463 741 primi
487 654 661 739 Amorum,
689 657 775 739 quod
804 657 1015 740 septuaginta
1037 677 1149 721 versus
1174 657 1411 741 complectitur.

264 765 328 830 llic
356 764 525 830 elisionem
549 784 616 827 non
638 763 739 826 habes
763 763 827 827 nisi
850 785 878 827 v.
898 764 918 828 3
944 763 1036 848 (ergo
1060 763 1136 848 ego)
1160 786 1189 828 v.
1209 763 1250 828 57
1276 763 1342 850 (me
1366 764 1412 828 in-

266 869 389 958 venies)
412 894 441 936 v.
461 871 503 936 63
527 869 671 955 (tantum
695 867 820 954 oscula)
843 893 873 937 v.
892 869 935 935 65
959 869 1086 956 (verum
1108 869 1235 956 invita).

353 977 394 1042 In
412 983 603 1042 transcursu
621 977 695 1041 volo
716 999 978 1063 commemorare,
998 979 1083 1061 quod
1103 979 1144 1042 ab
1159 977 1305 1044 Antonio
1319 977 1413 1043 Vier-

266 1088 332 1152 telo
353 1087 561 1150 observatum
585 1106 654 1148 esse
674 1083 829 1150 Lehrsius
848 1085 868 1148 l.
885 1085 905 1148 l.
925 1085 1068 1150 rettulit:
1093 1085 1322 1170 imperativum
1341 1107 1413 1171 pyr-

266 1193 467 1258 rhichiacum
495 1193 530 1256 in
556 1190 745 1256 hcroidibus
773 1213 839 1255 non
868 1191 944 1257 elidi
970 1192 1036 1256 nisi
1059 1191 1110 1256 Ill
1136 1193 1177 1258 87
1210 1193 1316 1257 ‘ormo
1342 1213 1414 1276 copo

266 1298 414 1366 Acacido'
443 1303 476 1363 et
506 1297 539 1363 in
567 1297 701 1382 reliquis
730 1296 826 1363 Ovidi
855 1298 1052 1364 carminibus
1080 1322 1147 1365 non
1173 1300 1238 1364 nisi
1261 1300 1333 1365 Art.
1352 1323 1413 1366 am.

267 1407 381 1472 11489
402 1406 472 1489 ‘ope
485 1403 529 1470 ct'
550 1404 628 1469 Met.
643 1404 708 1469 XII
723 1406 790 1471 490
809 1404 880 1488 ‘ope
897 1405 958 1469 arr’
978 1406 1042 1470 309
1063 1405 1150 1490 ‘supe
1162 1407 1219 1472 od'
1239 1405 1321 1472 XIII
1336 1407 1414 1472 381:

269 1515 353 1580 ‘dote
375 1512 427 1578 et'.
473 1511 578 1577 Nobis
607 1513 693 1576 enim
720 1513 868 1596 pluribus
897 1514 1054 1597 exemplis
1082 1537 1148 1580 non
1176 1514 1304 1579 videtur
1333 1535 1414 1598 opus

269 1643 347 1687 esse.
376 1619 462 1686 Nam
481 1619 509 1684 si
528 1619 601 1704 quis
621 1619 749 1700 obeam
768 1618 871 1684 solam
892 1641 1022 1684 causam
1041 1621 1133 1685 illum
1149 1620 1292 1685 heroidis
1308 1621 1414 1685 locum

270 1729 433 1793 secludere
461 1725 554 1810 velit,
582 1725 668 1790 idem
696 1724 796 1790 faciat
823 1748 953 1792 necesse
983 1732 1033 1791 est
1061 1728 1096 1792 in
1124 1728 1239 1793 ceteris
1268 1729 1415 1793 versibus
1439 1787 1441 1792 .
1482 1779 1484 1784 ,

269 1834 365 1899 modo
391 1833 508 1898 citatis.

358 1939 397 2004 In
426 1944 541 2004 octava
570 1938 709 2023 epistula
732 1938 767 2002 in
795 1939 947 2004 elisiones
971 1937 1074 2025 lege's,
1103 1963 1182 2025 quas
1207 1940 1342 2006 Ovidius
1371 1963 1416 2005 sc·

270 2051 365 2112 cutus
389 2051 448 2131 est,
472 2047 602 2132 gravius
626 2049 797 2130 peccatum
816 2067 887 2111 esse
905 2045 1135 2112 Lachmannus
1153 2048 1174 2111 l.
1193 2048 1213 2112 l.
1233 2071 1262 2131 p.
1283 2049 1417 2112 601111-

270 2154 391 2238 tendit,
420 2175 517 2237 quam
547 2157 584 2218 ut
611 2152 703 2216 illam
732 2153 772 2217 ab
803 2153 918 2218 Ouidio
949 2153 1109 2240 originem
1137 2154 1266 2220 duxisse
1290 2156 1417 2219 credere

270 2265 390 2346 posset.
435 2259 600 2343 Hauptius
629 2259 716 2324 enim
743 2259 778 2324 in
802 2259 1068 2326 observationum
1091 2261 1280 2327 criticorum
1304 2260 1416 2325 libello

271 2393 300 2453 p.
321 2364 395 2454 222)
420 2369 590 2449 statuerat,
614 2364 766 2431 Ovidium
789 2365 923 2451 longain
946 2367 1092 2432 vocalem
1115 2369 1150 2432 in
1174 2368 1273 2432 tertia
1296 2367 1418 2452 dactyli

273 2474 400 2559 syllaba
413 2474 538 2538 nullam
553 2473 686 2537 elisisse.
720 2473 750 2537 Α
765 2493 829 2556 qua
843 2474 1075 2538 consuetudine
1091 2475 1245 2539 abhorret
1264 2473 1346 2539 VIII
1363 2475 1419 2539 71:

478 2596 620 2664 ‘Castora'
642 2598 808 2681 Amyclaeo
830 2603 859 2662 et
881 2598 1046 2682 Amyclaeo
1069 2598 1210 2666 Polluci?

364 2723 426 2789 Sed
445 2723 626 2789 rectissime
641 2724 707 2788 iam
720 2722 846 2788 Birtius
861 2724 880 2788 l.
895 2724 915 2789 l.
930 2748 960 2809 p.
971 2725 1036 2789 392
1049 2725 1135 2790 hunc
1149 2747 1279 2790 versum
1293 2725 1420 2811 graecis

275 2830 443 2896 vocabulis
465 2829 621 2895 refertum
646 2852 715 2895 esse
739 2831 885 2915 talesque
907 2853 1019 2896 versus
1042 2832 1150 2917 legem
1165 2831 1314 2898 ¹libenter
1336 2831 1421 2895 fran-

277 2961 352 3024 gere
380 2938 470 3002 dixit.
517 2937 612 3004 Certe
640 2938 720 3002 haec
747 2959 813 3022 res,
841 2939 868 3002 si
893 2939 1068 3024 quidquam
1096 2939 1248 3023 ponderis
1275 2939 1420 3020 haberet,

277 3050 406 3110 tantum
430 3046 470 3108 ad
493 3068 594 3109 unum
618 3044 782 3109 distichon
809 3045 988 3111 eiciendum
1015 3068 1081 3111 non
1105 3039 1145 3109 ad
1172 3049 1278 3110 totam
1302 3045 1421 3130 epistu-

276 3154 341 3218 lam
370 3151 618 3236 improbandam
646 3150 725 3214 satis
750 3149 880 3214 valeret.
924 3149 986 3214 Sed
1014 3151 1156 3234 primum
1184 3152 1252 3216 veri
1280 3151 1420 3218 maxime

278 3264 328 3324 est
356 3258 512 3322 dissimile
540 3262 667 3321 textum
694 3256 842 3321 versibus
866 3278 936 3321 esse
964 3255 1183 3342 Inquinatum,
1211 3259 1266 3341 qui
1290 3281 1306 3323 1
1330 3280 1422 3324 voca-

276 3367 363 3431 bulis
387 3365 522 3450 graecis,
545 3363 580 3427 in
599 3367 746 3428 sermone
766 3363 871 3428 latino
891 3364 997 3428 minus
1016 3364 1147 3429 usitatis
1168 3370 1328 3450 constent,
1351 3369 1422 3430 tum

278 3497 315 3538 ex
340 3473 389 3556 iis,
413 3494 494 3556 quae
519 3493 617 3554 supra
640 3471 678 3535 de
701 3471 872 3535 heroidum
890 3470 1011 3536 fabulis
1030 3471 1247 3556 exposuimus,
1271 3473 1341 3537 luce
1361 3473 1423 3537 cla-

279 3581 346 3644 rius
371 3601 441 3644 esse
465 3578 616 3662 arbitror,
644 3577 798 3642 fabellam
826 3579 860 3642 in
884 3579 1024 3643 disticho
1055 3578 1112 3642 illo
1137 3571 1423 3644 commemoratam

279 3688 391 3752 abesse
415 3709 481 3751 non
504 3707 607 3770 posse,
630 3708 670 3750 ne
690 3686 766 3769 quid
785 3685 819 3748 in
838 3685 916 3750 fatis
935 3685 1162 3770 Pelopidarum
1181 3686 1238 3750 illo
1257 3686 1329 3751 loco
1350 3709 1424 3750 enu-

279 3795 412 3859 meratis
432 3793 553 3877 requiri
573 3797 678 3878 queat.
716 3792 830 3877 Neque
850 3815 925 3858 vero
950 3793 1048 3857 ullius
1072 3794 1229 3858 momenti
1253 3797 1312 3875 est,
1337 3794 1423 3877 quod

278 3901 545 3985 Eschenburgius
569 3901 589 3963 l.
608 3900 629 3965 l.
652 3925 682 3985 p.
707 3903 743 3964 17
769 3902 906 3982 eundem
929 3923 1059 3964 versum
1083 3901 1224 3964 alienum
1247 3923 1318 3964 esse
1341 3901 1424 3965 dixit

278 4010 318 4073 ab
343 4013 413 4073 arte
437 4007 553 4092 Ovidii,
577 4008 632 4092 qui
654 4008 782 4072 hiatum
805 4030 871 4072 non
894 4007 958 4071 nisi
981 4007 1015 4071 in
1038 4009 1219 4091 posteriore
1243 4008 1423 4072 hexametri

278 4115 438 4200 particula
457 4114 625 4180 admiserit
645 4118 678 4178 et
697 4114 827 4197 quidem
846 4115 902 4197 ita,
921 4118 958 4178 ut
973 4136 1101 4198 semper
1118 4138 1236 4180 nomen
1255 4115 1422 4199 proprium

277 4249 491 4259 ....-------..-‹

369 4329 393 4392 1)
414 4323 454 4379 cf.
473 4324 503 4378 L.
522 4323 647 4379 Mueller.
669 4323 703 4378 do
722 4340 752 4377 re
770 4324 849 4378 metr.
870 4342 897 4393 p.
913 4329 973 4380 282.

368 4418 394 4482 2)
414 4413 505 4469 Hodie
523 4411 598 4468 inest
615 4413 645 4468 iu
664 4412 795 4483 Opuscul.
815 4412 827 4466 Ι
845 4431 873 4484 p.
889 4417 931 4469 ol.
