3346 4934
762 289 984 352 ..48-

387 449 459 512 lam
495 446 548 512 hic
585 447 698 531 pedem
736 447 899 512 sistamus.
959 447 987 511 E
1028 448 1170 512 maxima
1206 470 1314 512 rerum
1352 448 1446 533 eopia

299 577 426 620 summa
450 575 595 638 quaeque
619 553 846 639 delibavimus,
875 557 912 618 ut
936 558 1111 620 concentus
1139 577 1198 638 per
1226 556 1355 641 singula
1379 576 1446 619 ear-

297 662 387 726 mina
410 661 600 746 perspicuus
624 660 780 725 videatur.
827 660 942 744 Neque
968 661 1054 725 enim
1077 661 1173 728 nobis
1197 663 1355 727 hocloco
1380 684 1445 725 om-

297 769 352 834 nia
383 749 534 853 persequi
566 767 601 831 in
633 768 742 832 animo
774 768 852 853 tuit,
890 789 963 833 cum
995 769 1028 832 id
1060 772 1189 833 tantum
1222 769 1444 832 demonstrare

266 915 269 920 ·
298 877 510 959 studeremus,
534 876 664 940 easdem
682 875 861 940 sententias
882 899 901 940 a
919 879 1018 959 poeta
1037 876 1071 941 in
1092 875 1275 959 complures
1294 874 1444 938 heroides

298 1005 367 1047 esse
391 982 574 1046 transfusas
598 982 693 1066 plane
717 983 830 1047 eodem
854 983 959 1066 modo,
983 1003 1047 1066 quo
1066 982 1101 1046 in
1124 981 1219 1046 Ovidi
1245 981 1443 1046 carminibus

297 1089 467 1153 amatoriis
500 1094 533 1153 et
565 1089 600 1152 in
634 1088 784 1173 epistulis
817 1089 858 1154 ab
891 1089 949 1153 illo
982 1089 1075 1154 exule
1108 1089 1300 1172 compositis
1329 1089 1441 1152 eadem

297 1198 490 1280 argumenta
522 1195 700 1260 identidem
733 1195 874 1280 repetita
907 1217 977 1260 esse
1008 1199 1125 1260 notum
1157 1200 1217 1260 est.
1269 1195 1358 1272 Quae
1392 1218 1443 1260 res

297 1325 371 1367 cum
393 1306 508 1367 nostra
531 1302 660 1366 demum
684 1305 791 1366 aetate
816 1301 897 1366 satis
921 1301 1049 1366 videtur
1073 1323 1143 1366 esse
1167 1301 1344 1386 intellecta,
1371 1325 1440 1366 eam

296 1408 362 1473 iam
390 1410 431 1473 ab
460 1407 625 1473 imitatore
654 1408 796 1492 quodam
825 1413 1030 1492 perspectam
1059 1412 1092 1472 et
1120 1408 1263 1473 effictam
1292 1431 1362 1473 esse
1386 1409 1443 1473 mi-

296 1516 384 1580 nime
408 1520 459 1580 est
482 1515 667 1582 verisimile.

763 1749 974 1756 ᾖ..

852 2029 890 2094 V.

384 2172 571 2256 Postquam·
589 2172 627 2236 de
646 2170 817 2236 heroidum
842 2172 1078 2256 compositione
1098 2171 1300 2255 dictumest,
1324 2192 1440 2255 operae

295 2279 437 2362 pretium
455 2278 601 2343 facturus
621 2277 741 2362 videor,
764 2277 792 2342 si
819 2278 857 2342 de
877 2278 973 2343 rebus
997 2279 1038 2341 ad
1059 2279 1233 2342 historiam
1256 2278 1436 2342 fabularem

295 2385 519 2468 spectantibus
543 2385 591 2448 ita
609 2406 778 2469 exponam,
801 2388 837 2448 ut
860 2385 1002 2469 primum
1021 2385 1217 2469 quibusnam
1236 2408 1274 2449 ex
1293 2384 1440 2448 fontibus

296 2491 507 2575 manaverint,
531 2489 643 2554 deinde
667 2495 829 2574 quatenus
851 2491 986 2556 Ovidius
1010 2492 1126 2556 iisdem
1150 2492 1337 2558 auctoribus
1362 2512 1440 2555 usus

294 2598 351 2682 sit,
384 2602 455 2662 tum
482 2596 539 2660 ubi
568 2597 679 2662 eadem
713 2603 907 2683 argumenta
934 2598 1158 2684 mythologiea
1187 2599 1379 2663 tractaverit
1407 2602 1440 2661 et

294 2704 466 2789 quomodo,
490 2708 650 2787 quamtum
673 2705 804 2788 quidem
827 2705 946 2790 possit,
969 2707 1113 2789 patefiat.
1298 2699 1303 2704 ⁵

831 2921 899 2998 51.

278 3125 284 3145 ,
383 3058 492 3142 Atque
530 3083 603 3124 eum
643 3062 760 3125 tertiae
796 3060 941 3124 heroidis
980 3065 1094 3125 auctor
1130 3060 1168 3124 de
1207 3062 1438 3126 consuetudine

293 3169 381 3251 agat,
400 3187 498 3250 quam
512 3166 599 3230 inter
613 3166 823 3237 Achillemet
842 3165 1022 3231 Briseidem
1041 3166 1264 3232 intercessisse
1283 3190 1322 3232 ex
1336 3169 1438 3232 Iliade

292 3271 457 3337 homerica
481 3273 711 3357 comperimus,
742 3276 828 3338 10010
859 3273 924 3337 iam
948 3273 1101 3339 Loersius
1129 3278 1268 3358 utroque
1297 3275 1437 3339 carmine

200 3450 204 3454 ,
293 3383 482 3463 comparato
505 3379 662 3444 nonnulla
685 3380 869 3464 expiscatus
894 3384 953 3465 est,
976 3381 1010 3444 in
1033 3380 1151 3463 quibus
1175 3402 1346 3446 romanum
1364 3403 1437 3466 poe-

293 3491 362 3550 tam
391 3507 544 3571 graeeum
571 3490 719 3551 secutum
747 3509 817 3551 esse
846 3487 1062 3574 cognovisset.
1114 3487 1202 3563 Quae
1230 3488 1286 3552 ille
1314 3488 1437 3572 passim

291 3592 435 3676 pressius
464 3593 699 3677 angustiusque
729 3595 911 3673 adnotavit,
939 3594 1035 3658 nobis
1063 3594 1234 3680 colligere,
1257 3595 1437 3678 disponere,

292 3699 405 3763 multis
431 3720 505 3763 vero
530 3698 625 3783 locis,
648 3701 704 3783 qui
727 3701 822 3765 illum
845 3701 1041 3786 effugerunt,
1069 3701 1201 3766 adnexis
1225 3701 1356 3766 uberius
1381 3701 1437 3766 ali-

293 3810 417 3889 quanto
440 3804 609 3888 fusiusque
632 3809 773 3872 tractare
796 3807 902 3871 liceat.

381 3930 475 4007 Quod
498 3930 601 4016 igitur
620 3931 660 3994 ad
680 3953 826 3996 amorem
843 3931 972 4014 attinet,
992 3953 1055 4015 quo
1075 3931 1256 3996 Briseidem
1273 3934 1309 3997 in
1327 3933 1437 3999 Achil-

291 4038 356 4103 lem
387 4037 624 4102 inflammatam
657 4060 727 4103 esse
760 4041 832 4102 tota
860 4037 1001 4121 epistula
1027 4060 1087 4102 nos
1116 4040 1223 4122 docet,
1256 4039 1435 4123 respexisse

291 4149 423 4229 poetam
445 4143 479 4209 in
502 4149 656 4229 promptu
684 4149 735 4209 011
758 4145 799 4208 ad
827 4145 946 4228 Α348,
973 4145 1030 4209 ubi
1054 4146 1111 4209 illa
1133 4147 1236 4211 invita
1259 4167 1435 4230 praecones

291 4251 449 4316 comitata
472 4273 542 4316 esse
566 4252 698 4316 dieitur:

552 4393 571 4469 ἡ
597 4391 628 4454 δ’
652 4392 778 4456 ἀέκους’
803 4394 867 4471 ἅμα
890 4399 969 4458 roim
993 4398 1073 4473 γυνὴ
1097 4397 1170 4458 κίεν,
