3326 4930
682 277 926 341 -111-

233 461 252 501 a
275 437 429 503 Cicerone
453 437 487 500 in
506 436 757 520 Phaenomenis,
782 460 801 500 a
819 435 972 500 Lucretio
992 435 1009 498 I
1029 434 1168 518 1-562,
1193 457 1211 498 a
1229 433 1378 519 Vergilio

231 545 266 609 in
288 544 429 610 Aeneide
448 544 465 607 I
488 544 624 609 1-561.
644 542 692 608 IV
713 546 770 608 l--
779 543 853 626 565,
877 544 912 607 in
931 541 1101 627 Georgicis
1121 541 1215 604 I-II
1242 543 1314 625 127,
1338 541 1378 605 312

231 651 369 716 Ηο23220
393 652 427 715 in
451 651 626 735 Epistulis,
652 673 756 735 neque
783 673 801 714 3
824 649 960 714 Manilio
984 650 1018 713 in
1042 648 1295 714 Astronomicon
1318 648 1335 711 I
1360 651 1377 714 l

230 759 341 841 -561
367 781 386 823 3
409 757 536 842 Ρο2320,
561 781 580 821 3
603 757 754 821 Iuvenale
778 756 898 820 I-III
922 756 997 840 222,
1025 779 1044 818 3
1066 754 1197 820 Lucano
1221 754 1256 818 in
1279 753 1378 818 Phar-

230 867 319 930 saliis
344 865 361 928 I
386 866 529 948 1-561,
557 887 576 927 a
600 861 682 928 Silio
706 864 822 928 Italico
846 864 881 927 in
903 863 1035 927 Punicis
1059 862 1075 925 I
1102 860 1244 945 1-560,
1273 860 1379 926 3113-

228 973 309 1036 lerio
333 970 451 1036 Flacco
475 972 510 1035 in
533 969 766 1057 Argonauticis
788 971 804 1034 I
826 971 965 1054 1-460,
989 993 1008 1034 a
1028 968 1136 1034 Statio
1160 968 1195 1032 in
1212 968 1378 1032 Thebaide

228 1077 245 1140 I
270 1079 421 1162 1-560,
444 1079 581 1161 denique
606 1101 625 1142 a
648 1077 826 1143 Claudiano
850 1078 883 1142 in
904 1077 1014 1160 Raptu
1037 1075 1251 1160 Proserpinae
1275 1074 1378 1138 I—II

227 1184 292 1247 276
315 1183 475 1267 principia
504 1183 685 1249 hexametri
714 1183 874 1267 dactylica
903 1205 1004 1266 aeque
1033 1182 1183 1247 adamata
1212 1205 1282 1246 esse
1310 1205 1380 1266 per·

86 1361 95 1374 ,
228 1289 392 1373 spicimus,
416 1291 557 1375 permiro
583 1313 659 1354 sane
680 1313 756 1354 casu
775 1289 899 1354 iactum
919 1293 1013 1373 esset,
1037 1292 1074 1352 ut
1093 1289 1296 1353 versificator
1313 1289 1378 1373 ille,

228 1419 247 1459 a
271 1418 334 1479 quo
359 1419 414 1461 sex
438 1398 511 1462 illas
531 1399 681 1462 heroides
700 1396 864 1481 profectas
884 1417 954 1459 esse
974 1394 1155 1478 perhibent,
1179 1395 1219 1457 ad
1244 1396 1377 1460 eandem

226 1525 374 1567 normam
394 1508 524 1568 strenue
545 1527 578 1568 se
598 1505 769 1589 derigeret,
796 1524 893 1586 quam
913 1524 951 1565 ex
971 1500 1120 1565 om‘nibus
1140 1500 1246 1583 poetis
1265 1501 1377 1566 latinis

227 1612 424 1695 potioribus,
454 1615 616 1695 quotquot
640 1615 696 1676 aut
723 1610 844 1675 liberae
868 1609 1064 1694 reipublicae
1092 1613 1148 1673 aut
1175 1608 1377 1694 principatus

227 1719 430 1802 temporibus
454 1718 647 1801 floruerunt,
677 1719 717 1781 ab
742 1741 806 1782 uno
831 1717 948 1782 Ouidio
978 1718 1184 1781 observatam
1208 1739 1278 1781 esse
1303 1739 1375 1781 con-

227 1827 301 1888 stet.
341 1825 490 1902 Quonam
511 1825 582 1910 quis
603 1825 667 1889 3120
688 1826 783 1889 modo
802 1824 886 1888 hanc
905 1847 973 1889 rem
988 1824 1143 1908 explicari
1162 1845 1258 1907 posse
1274 1827 1377 1908 putet,

224 1932 289 1996 nisi
312 1932 421 2016 ipsum
441 1931 593 1996 Ovidium
617 1932 762 1997 carmina
785 1932 842 1995 illa
866 1932 1088 2016 composuisse
1113 1931 1290 1995 concedat?
1324 1929 1377 1995 An

225 2060 301 2102 vero
326 2039 387 2102 tibi
411 2039 466 2103 ille
487 2038 582 2104 Ovidi
601 2039 834 2122 imitatorium
854 2042 929 2102 ante
944 2037 1177 2102 Drobischium
1196 2043 1265 2100 tam
1285 2060 1374 2101 accu-

225 2148 314 2208 ratas
339 2144 376 2209 de
400 2167 552 2208 versuum
572 2133 796 2215 ovidianorum
819 2144 925 2208 forma
949 2145 1156 2227 quaestiones
1179 2143 1308 2206 videtur
1330 2143 1376 2230 in

226 2251 389 2336 stituisse,
416 2255 453 2315 ut
481 2251 565 2314 hanc
592 2250 699 2336 legem
725 2250 892 2314 inventam
919 2250 953 2313 in
981 2250 1168 2314 heroidibus
1198 2250 1375 2314 scribendis

225 2359 397 2444 diligenter
422 2357 513 2440 sequi
532 2358 666 2442 posset?
705 2356 907 2433 Quodserio
931 2355 1094 2420 neminem
1117 2356 1281 2420 dicturum
1305 2379 1374 2420 esse

225 2466 360 2530 confido
408 2463 471 2529 Sed
493 2487 533 2528 ne
557 2465 630 2547 quis
654 2463 688 2527 in
715 2486 752 2527 eo
782 2463 936 2542 offendat,
966 2462 1052 2545 quod
1079 2461 1285 2528 hexametros
1315 2464 1374 2527 ele-

225 2572 336 2653 giacos
366 2592 439 2633 cum
467 2571 567 2653 epicis
600 2569 746 2636 conferre
778 2592 844 2633 non
876 2569 1110 2651 dubitavimus,
1140 2567 1372 2655 Hultgrenium

227 2674 413 2739 Observatt.
431 2675 465 2739 II
484 2699 513 2759 p.
536 2677 551 2738 1
570 2698 638 2760 sqq.
661 2677 842 2739 luculenter
866 2677 1107 2740 demonstrasse
1132 2677 1256 2761 addam,
1278 2677 1374 2741 hexa-

226 2786 366 2846 metrum
396 2783 522 2866 epicum
550 2781 742 2846 Latinorum
771 2787 905 2867 excepto
934 2783 1095 2866 bisyllabo
1123 2782 1186 2847 fine
1219 2807 1374 2869 praepon-

225 2891 371 2974 derante,
399 2889 465 2954 fere
493 2889 576 2953 nihil
605 2889 725 2953 distare
755 2891 795 2954 ab
818 2890 1008 2954 hexametro
1033 2891 1185 2975 elegiaco,
1211 2928 1252 2936 -
1279 2890 1374 2967 Quod

224 2999 261 3062 de
287 2998 489 3082 dactylorum
510 3001 542 3061 et
566 2997 782 3081 spondeorum
806 3019 866 3060 usu
889 2997 924 3060 in
947 3019 1042 3061 versu
1060 2996 1201 3080 heroico,
1224 2997 1310 3062 idem
1333 3000 1371 3063 de

224 3109 428 3188 pentametro
454 3105 548 3169 Ovidi
577 3105 747 3168 dicendum
775 3126 845 3168 esse
874 3103 1006 3168 iamiam
1037 3103 1178 3186 patefiet.
1224 3104 1371 3170 Primum

224 3213 479 3276 examinabimus
513 3212 643 3276 Heroid.
668 3211 725 3276 ΙΙΙ.
750 3211 841 3275 VIII.
865 3212 922 3276 IX.
945 3209 1155 3294 XII-XIV,
1188 3211 1221 3274 in
1245 3213 1373 3296 quibus

226 3319 455 3402 quadringenti
474 3319 684 3403 septuaginta
703 3320 765 3383 duo
786 3320 984 3404 pentametri
998 3319 1119 3382 insunt.
1145 3317 1208 3381 Per
1227 3340 1266 3383 se
1280 3325 1372 3403 patet

223 3444 289 3486 non
311 3423 375 3486 nisi
399 3423 437 3486 de
461 3424 569 3506 priore
592 3425 788 3507 pentametri
812 3430 905 3509 parte
934 3426 1095 3511 agendum
1124 3446 1207 3508 esse,
1237 3449 1309 3490 cum
1337 3427 1372 3491 in

223 3530 404 3611 posteriore
433 3533 525 3614 parte
554 3529 621 3593 eius
651 3553 762 3594 versus
794 3532 864 3595 solo
892 3532 1021 3615 dactylo
1056 3531 1146 3595 locus
1181 3531 1232 3594 sit.
1279 3532 1371 3598 Hanc

224 3640 333 3699 autem
357 3635 504 3700 tabulam
526 3636 706 3720 legentium
731 3636 833 3703 oculis
858 3660 1037 3722 proponere
1062 3637 1172 3701 liceat:

526 3887 685 3989 d—d—
717 3890 778 3954 156
967 3891 1038 3975 33,1

525 4015 683 4112 ,1-3-
712 4017 777 4080 213
965 4017 1040 4100 45,2

525 4139 682 4237 0-1-
734 4143 775 4207 57
966 4144 1037 4226 lat

548 4285 579 4326 33
732 4268 774 4330 46
985 4268 1038 4352 9,6

686 4357 1058 4366 -—-——-..-...—..-——-—-‚--.-.

522 4387 683 4453 ‘Summa
711 4392 776 4455 472
936 4392 1007 4457 100
