3346 4934
740 270 957 334 ,22-

244 428 247 434 ’
277 433 424 519 utrisque
447 433 710 496 hexametrorum
730 429 948 495 hemistichiis
967 432 1167 513 repetantur,
1191 450 1272 512 quae
1292 428 1422 513 quidem

277 541 364 605 haud
388 540 564 605 abhorreat
588 539 628 603 ab
653 539 721 603 eius
745 537 868 621 indole,
893 537 948 620 qui
972 559 1084 602 versus
1103 537 1214 602 3—10
1238 535 1422 619 composuit

278 647 393 712 -hio
412 647 533 712 similia
551 647 706 732 leguntur
722 682 763 690 —
779 648 889 708 tamen
909 644 1097 727 scrupulum
1118 643 1148 707 ei
1167 642 1305 708 iniciunt
1324 643 1424 707 verba

278 753 397 820 ‘Maru
408 752 555 837 fovenlc',
574 752 651 835 quia
668 751 722 816 hic
741 772 808 815 non
827 751 865 814 de
885 751 1019 816 deorum
1039 749 1170 835 auxilio,
1190 749 1246 814 sed
1264 750 1303 814 de
1318 749 1422 833 ipsius

278 859 418 927 Achillis
442 860 564 924 virtute
589 862 714 944 agatur.

367 967 416 1031 Ac
434 966 576 1050 primum
596 965 726 1050 quidem
744 967 888 1048 nonest,
909 985 967 1028 cur
984 963 1047 1028 hoc
1066 963 1138 1028 loco
1158 961 1297 1028 Achillis
1318 963 1422 1028 virtus

278 1075 372 1140 unice
395 1073 612 1157 praedicetur,
640 1075 711 1136 tum
734 1070 823 1135 Mars
847 1070 986 1135 Achillis
1010 1070 1133 1135 virtute
1158 1069 1231 1155 cogi
1259 1070 1423 1154 putandus

279 1185 340 1266 est,
361 1183 399 1245 ut
416 1180 534 1264 faveat,
557 1179 680 1244 Danais
700 1177 835 1263 scilicet,
859 1199 998 1262 quorum
1022 1199 1100 1261 opes
1119 1199 1215 1242 versu
1235 1176 1277 1242 85
1301 1177 1342 1242 ab
1366 1176 1424 1240 im-

279 1288 374 1372 pigro
397 1286 540 1351 Hectore
563 1285 700 1351 lacerari
723 1285 884 1351 dicuntur.

367 1392 467 1458 Aliud
491 1396 729 1478 argumentum,
753 1414 817 1475 quo
841 1391 902 1455 hos
926 1412 1038 1456 versus
1063 1390 1215 1456 delendos
1236 1413 1306 1455 esse
1326 1391 1424 1455 Lehr·

280 1501 347 1566 sius
366 1501 589 1566 demonstrare
608 1499 721 1581 voluit,
744 1502 860 1582 postea
883 1497 1151 1583 examinabimus,
1173 1498 1229 1562 ubi
1249 1498 1287 1562 de
1307 1521 1341 1562 re
1360 1520 1424 1562 me-

280 1607 364 1672 trica
387 1607 487 1672 verba
509 1605 674 1670 faciemus.
1512 1591 1516 1598 ’

369 1713 439 1778 Iam
456 1736 530 1778 cum
549 1712 629 1777 satis
649 1713 771 1776 clarum
792 1734 862 1776 esse
878 1715 1005 1796 putem,
1026 1711 1208 1798 nonaginta
1224 1711 1339 1795 primis
1361 1714 1425 1776 ter·

279 1821 345 1884 tiae
359 1820 502 1884 heroidis
519 1819 667 1884 versibus
685 1819 920 1884 sententiarum
936 1841 1093 1884 conexum
1104 1819 1227 1903 optime
1243 1819 1425 1903 procedere,

280 1928 320 1991 ad
343 1927 558 2010 posteriorem
582 1925 666 2010 elegi
683 1929 810 2010 partem
833 1947 894 1990 nos
914 1930 1140 1991 convertamus
1162 1925 1337 1991 aLehrsio
1356 1928 1425 1990 tam

279 2033 373 2120 parvi
397 2032 612 2097 aestimatam.

368 2139 491 2205 Briseis
519 2143 695 2223 postquam
717 2138 879 2204 Achillem
906 2139 1042 2203 hortata
1066 2143 1130 2224 est,
1158 2143 1196 2205 ut
1224 2139 1369 2228 animum
1392 2139 1427 2203 in

279 2247 560 2334 Agamemnonem
588 2246 792 2310 offensiorem
819 2245 1005 2331 recolligat,
1039 2245 1085 2310 sio
1118 2245 1186 2310 fere
1219 2247 1341 2332 pergi-t:
1376 2246 1426 2312 Ne

279 2360 374 2439 turpe
403 2375 473 2418 esse
501 2353 681 2438 putaveris,
708 2353 846 2417 feminac
874 2353 1025 2437 precibus
1054 2375 1179 2418 morem
1207 2374 1334 2439 gerere,
1363 2377 1427 2418 me·

280 2466 390 2527 mento
419 2459 590 2545 Meleagri,
623 2461 679 2544 qui
707 2461 843 2545 coniuge
871 2460 1016 2525 instante
1045 2460 1100 2525 diu
1128 2461 1308 2526 reluctatus
1337 2484 1428 2526 arma

280 2567 455 2652 capessivit
480 2564 522 2653 (v.
547 2565 708 2650 91-97).
755 2566 842 2631 Dum
871 2567 951 2632 haec
979 2568 1138 2653 loquitur,
1165 2567 1200 2631 in
1229 2572 1371 2632 mentem
1397 2568 1428 2634 ei

280 2675 378 2760 venit,
398 2695 432 2738 se
450 2695 517 2738 non
536 2673 649 2737 eodem
667 2673 739 2738 loco
758 2672 871 2738 haberi
891 2696 997 2758 posse,
1018 2697 1081 2758 quo
1101 2675 1250 2761 legitima
1269 2675 1427 2761 Meleagri

280 2805 380 2867 uxor,
406 2780 526 2865 quippe
555 2801 628 2844 cum
656 2779 728 2863 ipsa
754 2779 837 2843 nihil
866 2780 923 2865 sit,
953 2781 1017 2846 nisi
1046 2803 1138 2847 serva
1165 2783 1299 2847 humilis
1328 2787 1426 2867 atque

280 2889 408 2954 abiecta
435 2887 571 2971 ideoque
599 2885 738 2952 Achillis
771 2910 887 2970 parum
918 2887 1090 2972 interesse,
1123 2889 1201 2971 quid
1233 2890 1263 2953 ei
1293 2890 1427 2954 suadeat

280 2993 322 3082 (v.
344 2991 521 3079 98—102).
567 2993 683 3077 laque
707 2994 757 3057 illi
779 2994 918 3077 probare
942 2996 1089 3080 studens,
1113 3017 1146 3059 se
1170 2995 1218 3058 ita
1242 3017 1275 3059 se
1300 3017 1427 3077 semper

281 3101 435 3188 gessisse,
460 3100 731 3183 quemadmodum
750 3099 889 3165 Achillis
914 3101 1086 3186 coniugem
1105 3102 1246 3185 deceret,
1268 3123 1326 3184 per
1348 3101 1425 3164 deos

281 3215 379 3293 atque
402 3207 550 3272 homines
578 3207 679 3292 iurat,
706 3207 831 3272 nullam
859 3207 923 3272 sibi
952 3229 1026 3272 cum
1054 3207 1298 3293 Agamemnone
1325 3207 1426 3272 trisse

281 3315 547 3384 consuetudinem
571 3311 613 3400 (v.
640 3313 842 3402 lca—110),
871 3318 968 3399 atque
996 3319 1033 3378 ut
1061 3337 1134 3378 eum
1163 3314 1280 3379 melius
1307 3318 1429 3399 exoret,

280 3424 352 3507 ipsa
375 3422 424 3485 illi
449 3420 609 3504 obiectat,
633 3422 718 3504 quod
741 3421 803 3485 fide
827 3442 906 3506 erga
931 3442 965 3485 se
985 3420 1107 3484 violata
1126 3443 1200 3486 cum
1219 3421 1292 3486 aliis
1311 3421 1428 3506 puellis

280 3553 348 3595 rem
375 3529 536 3594 habuerit.
582 3526 668 3592 Nam
693 3526 823 3612 Graeci,
849 3528 972 3612 inquit,
1001 3533 1111 3592 errant
1138 3529 1173 3592 in
1201 3552 1252 3614 ec,
1282 3530 1368 3612 quod
1395 3533 1428 3592 te

281 3658 423 3724 maerere
447 3639 578 3721 putant,
605 3635 707 3701 immo
732 3635 876 3700 citharae
901 3641 934 3700 et
957 3637 1061 3710 amori
1088 3637 1215 3701 deditus
1240 3659 1273 3700 es
1298 3639 1339 3720 lv.
1366 3637 1426 3700 111

281 3741 412 3827 —120).
458 3743 530 3807 Hoc
558 3743 733 3827 opprobrio
763 3743 878 3807 callide
906 3743 1013 3808 utitur
1041 3743 1081 3808 ad
1104 3743 1261 3826 pudorem
1289 3742 1428 3808 Achillis

281 3847 517 3927 suscitandum,
552 3849 710 3932 temporis
742 3849 913 3933 praeteriti
947 3849 1136 3914 memoriam
1169 3853 1332 3933 repetens,
1365 3872 1428 3932 quo

280 3955 380 4021 fortia
407 3955 552 4020 facinora
580 3955 685 4022 facere
715 3957 882 4042 maluerit,
915 3978 1014 4040 quare
1046 3960 1083 4020 ut
1112 3979 1162 4022 res
1191 3957 1227 4020 in
1253 3956 1430 4040 pristinum

281 4066 404 4128 statum
429 4085 528 4147 quam
551 4062 718 4127 celerrime
742 4065 875 4128 redeant
904 4083 973 4128 sese
1002 4085 1118 4147 cupere
1147 4045 1246 4148 atque
1275 4067 1429 4146 exoptare

281 4170 431 4234 adfirmat
456 4167 498 4255 (v.
520 4166 717 4255 121-126).
757 4167 819 4235 Sed
843 4192 917 4235 cum
938 4193 1049 4254 preces
1074 4193 1148 4236 suas
1173 4192 1283 4236 coram
1301 4168 1430 4235 Achille

283 4277 354 4361 ipso
378 4278 482 4342 multo
507 4278 581 4361 plus
605 4275 760 4340 valituras
784 4297 855 4340 esse
878 4276 1059 4362 intellegat,
1084 4276 1238 4361 Graecos,
1267 4277 1323 4361 qui
1346 4276 1430 4341 nihil

284 4383 451 4468 antiquius
470 4382 651 4466 habebant,
674 4404 772 4465 quam
791 4385 829 4446 ut
847 4381 993 4447 Achilles
1012 4384 1098 4448 bello
1117 4405 1229 4448 rursus
1248 4384 1431 4468 interesset,
