<?xml version="1.0" encoding="UTF-8"?>
<!DOCTYPE html PUBLIC "-//W3C//DTD XHTML 1.0 Transitional//EN"
    "http://www.w3.org/TR/xhtml1/DTD/xhtml1-transitional.dtd">
<html xmlns="http://www.w3.org/1999/xhtml" xml:lang="en" lang="en">
 <head>
  <title>
</title>
<meta http-equiv="Content-Type" content="text/html;charset=utf-8" />
  <meta name='ocr-system' content='tesseract 3.04.00' />
  <meta name='ocr-capabilities' content='ocr_page ocr_carea ocr_par ocr_line ocrx_word'/>
</head>
<body>
  <div class='ocr_page' id='page_1' title='image "./quaestionumadhe00tolkgoog_0071.png"; bbox 0 0 3346 4934; ppageno 0'>
   <div class='ocr_carea' id='block_1_1' title="bbox 773 322 995 386">
    <p class='ocr_par' dir='ltr' id='par_1_1' title="bbox 773 322 995 386">
     <span class='ocr_line' id='line_1_1' title="bbox 773 322 995 386; baseline -0.009 -16"><span class='ocrx_word' id='word_1_1' title='bbox 773 322 995 386; x_wconf 71' lang='lat'>...62-</span> 
     </span>
    </p>
   </div>
   <div class='ocr_carea' id='block_1_2' title="bbox 311 481 1458 1348">
    <p class='ocr_par' dir='ltr' id='par_1_2' title="bbox 311 481 1458 1348">
     <span class='ocr_line' id='line_1_2' title="bbox 402 481 1458 569; baseline 0.003 -22"><span class='ocrx_word' id='word_1_2' title='bbox 402 481 525 566; x_wconf 83' lang='lat' dir='ltr'><em>Verba,</em></span> <span class='ocrx_word' id='word_1_3' title='bbox 554 504 635 566; x_wconf 90' lang='lat' dir='ltr'><em>quae</em></span> <span class='ocrx_word' id='word_1_4' title='bbox 663 482 817 567; x_wconf 87' lang='lat' dir='ltr'><em>leguntur</em></span> <span class='ocrx_word' id='word_1_5' title='bbox 839 505 867 546; x_wconf 88' lang='lat' dir='ltr'><em>v.</em></span> <span class='ocrx_word' id='word_1_6' title='bbox 892 483 948 548; x_wconf 86' lang='lat'><em>98:</em></span> <span class='ocrx_word' id='word_1_7' title='bbox 977 482 1171 565; x_wconf 76' lang='lat' dir='ltr'><em>‘Laertesque</em></span> <span class='ocrx_word' id='word_1_8' title='bbox 1195 481 1300 549; x_wconf 83' lang='lat' dir='ltr'><em>senee&#39;</em></span> <span class='ocrx_word' id='word_1_9' title='bbox 1329 507 1458 569; x_wconf 81' lang='lat' dir='ltr'><em>respon</em></span> 
     </span>
     <span class='ocr_line' id='line_1_3' title="bbox 313 587 1276 672; baseline 0.002 -20"><span class='ocrx_word' id='word_1_10' title='bbox 313 589 391 652; x_wconf 88' lang='lat' dir='ltr'><em>dent</em></span> <span class='ocrx_word' id='word_1_11' title='bbox 415 610 440 651; x_wconf 89' lang='grc' dir='ltr'>ω</span> <span class='ocrx_word' id='word_1_12' title='bbox 465 590 544 672; x_wconf 80' lang='lat'><strong>233,</strong></span> <span class='ocrx_word' id='word_1_13' title='bbox 567 590 625 654; x_wconf 92' lang='lat' dir='ltr'><em>ubi</em></span> <span class='ocrx_word' id='word_1_14' title='bbox 648 587 783 653; x_wconf 77' lang='lat' dir='ltr'><em>Laertes</em></span> <span class='ocrx_word' id='word_1_15' title='bbox 807 592 902 668; x_wconf 84' lang='grc' dir='ltr'>γήραϊ</span> <span class='ocrx_word' id='word_1_16' title='bbox 924 590 1110 668; x_wconf 83' lang='grc' dir='ltr'>τειρόμενο(</span> <span class='ocrx_word' id='word_1_17' title='bbox 1132 594 1276 654; x_wconf 88' lang='lat' dir='ltr'><em>vocatur.</em></span> 
     </span>
     <span class='ocr_line' id='line_1_4' title="bbox 401 695 1435 783; baseline 0 -23"><span class='ocrx_word' id='word_1_18' title='bbox 401 695 558 760; x_wconf 85' lang='lat' dir='ltr'><em>Versibus</em></span> <span class='ocrx_word' id='word_1_19' title='bbox 582 696 624 760; x_wconf 82' lang='lat'><em>99</em></span> <span class='ocrx_word' id='word_1_20' title='bbox 640 718 686 780; x_wconf 88' lang='lat' dir='ltr'><em>sq.</em></span> <span class='ocrx_word' id='word_1_21' title='bbox 711 695 872 779; x_wconf 82' lang='lat' dir='ltr'><em>Penelope</em></span> <span class='ocrx_word' id='word_1_22' title='bbox 896 695 933 759; x_wconf 90' lang='lat' dir='ltr'><em>de</em></span> <span class='ocrx_word' id='word_1_23' title='bbox 958 695 1151 760; x_wconf 80' lang='lat' dir='ltr'><em>Telemacho</em></span> <span class='ocrx_word' id='word_1_24' title='bbox 1175 696 1254 762; x_wconf 91' lang='lat' dir='ltr'><em>haec</em></span> <span class='ocrx_word' id='word_1_25' title='bbox 1278 697 1435 783; x_wconf 89' lang='lat' dir='ltr'><em>loquitur:</em></span> 
     </span>
     <span class='ocr_line' id='line_1_5' title="bbox 445 819 1339 903; baseline 0.002 -19"><span class='ocrx_word' id='word_1_26' title='bbox 445 819 513 885; x_wconf 78' lang='lat' dir='ltr'><em>‘ille</em></span> <span class='ocrx_word' id='word_1_27' title='bbox 533 841 588 902; x_wconf 85' lang='lat' dir='ltr'><em>per</em></span> <span class='ocrx_word' id='word_1_28' title='bbox 610 821 743 885; x_wconf 74' lang='lat' dir='ltr'><em>insidias</em></span> <span class='ocrx_word' id='word_1_29' title='bbox 759 841 859 903; x_wconf 81' lang='lat' dir='ltr'><em>paene</em></span> <span class='ocrx_word' id='word_1_30' title='bbox 882 825 925 884; x_wconf 82' lang='lat' dir='ltr'><em>esi</em></span> <span class='ocrx_word' id='word_1_31' title='bbox 947 820 1026 884; x_wconf 83' lang='lat' dir='ltr'><em>mibi</em></span> <span class='ocrx_word' id='word_1_32' title='bbox 1047 841 1146 902; x_wconf 80' lang='lat' dir='ltr'><em>nuper</em></span> <span class='ocrx_word' id='word_1_33' title='bbox 1168 822 1339 903; x_wconf 77' lang='lat' dir='ltr'><em>ademptus,</em></span> 
     </span>
     <span class='ocr_line' id='line_1_6' title="bbox 445 925 1135 1010; baseline 0 -18"><span class='ocrx_word' id='word_1_34' title='bbox 445 929 519 992; x_wconf 84' lang='lat' dir='ltr'><em>dum</em></span> <span class='ocrx_word' id='word_1_35' title='bbox 535 932 635 1009; x_wconf 80' lang='lat' dir='ltr'><em>paral</em></span> <span class='ocrx_word' id='word_1_36' title='bbox 656 928 763 992; x_wconf 77' lang='lat' dir='ltr'><em>irruitis</em></span> <span class='ocrx_word' id='word_1_37' title='bbox 786 927 927 992; x_wconf 81' lang='lat' dir='ltr'><em>omuibus</em></span> <span class='ocrx_word' id='word_1_38' title='bbox 950 928 995 991; x_wconf 85' lang='lat' dir='ltr'><em>ire</em></span> <span class='ocrx_word' id='word_1_39' title='bbox 1017 925 1135 1010; x_wconf 78' lang='lat' dir='ltr'><em>Pplou&#39;</em></span> 
     </span>
     <span class='ocr_line' id='line_1_7' title="bbox 311 1051 1457 1142; baseline 0.001 -27"><span class='ocrx_word' id='word_1_40' title='bbox 311 1053 431 1142; x_wconf 80' lang='lat' dir='ltr'><em>iterum</em></span> <span class='ocrx_word' id='word_1_41' title='bbox 453 1073 569 1135; x_wconf 88' lang='lat' dir='ltr'><em>nempe</em></span> <span class='ocrx_word' id='word_1_42' title='bbox 592 1051 768 1135; x_wconf 83' lang='lat' dir='ltr'><em>respiciens</em></span> <span class='ocrx_word' id='word_1_43' title='bbox 793 1051 832 1114; x_wconf 88' lang='lat' dir='ltr'><em>ad</em></span> <span class='ocrx_word' id='word_1_44' title='bbox 853 1051 978 1135; x_wconf 86' lang='lat' dir='ltr'><em>pyliam</em></span> <span class='ocrx_word' id='word_1_45' title='bbox 997 1051 1183 1116; x_wconf 78' lang='lat' dir='ltr'><em>Telemachi</em></span> <span class='ocrx_word' id='word_1_46' title='bbox 1206 1051 1278 1135; x_wconf 87' lang='lat' dir='ltr'><em>iter,</em></span> <span class='ocrx_word' id='word_1_47' title='bbox 1302 1052 1388 1135; x_wconf 87' lang='lat' dir='ltr'><em>quod</em></span> <span class='ocrx_word' id='word_1_48' title='bbox 1411 1051 1457 1116; x_wconf 92' lang='lat' dir='ltr'><em>in-</em></span> 
     </span>
     <span class='ocr_line' id='line_1_8' title="bbox 312 1156 1456 1242; baseline -0.001 -19"><span class='ocrx_word' id='word_1_49' title='bbox 312 1159 388 1223; x_wconf 89' lang='lat' dir='ltr'><em>vitis</em></span> <span class='ocrx_word' id='word_1_50' title='bbox 416 1158 523 1241; x_wconf 91' lang='lat' dir='ltr'><em>procis</em></span> <span class='ocrx_word' id='word_1_51' title='bbox 555 1157 705 1241; x_wconf 89' lang='lat' dir='ltr'><em>suscepit.</em></span> <span class='ocrx_word' id='word_1_52' title='bbox 757 1156 903 1234; x_wconf 82' lang='lat' dir='ltr'><em>Quorum</em></span> <span class='ocrx_word' id='word_1_53' title='bbox 931 1157 1065 1222; x_wconf 89' lang='lat' dir='ltr'><em>insidias</em></span> <span class='ocrx_word' id='word_1_54' title='bbox 1095 1162 1112 1221; x_wconf 84' lang='grc' dir='ltr'>δ</span> <span class='ocrx_word' id='word_1_55' title='bbox 1142 1159 1206 1223; x_wconf 77' lang='grc'><em>842</em></span> <span class='ocrx_word' id='word_1_56' title='bbox 1226 1179 1295 1241; x_wconf 88' lang='lat' dir='ltr'>sqq.</span> <span class='ocrx_word' id='word_1_57' title='bbox 1324 1162 1456 1242; x_wconf 89' lang='lat' dir='ltr'><em>paratas</em></span> 
     </span>
     <span class='ocr_line' id='line_1_9' title="bbox 312 1263 1457 1348; baseline 0.002 -21"><span class='ocrx_word' id='word_1_58' title='bbox 312 1287 385 1327; x_wconf 88' lang='lat' dir='ltr'><em>eum</em></span> <span class='ocrx_word' id='word_1_59' title='bbox 408 1263 556 1328; x_wconf 87' lang='lat' dir='ltr'><em>Minerva</em></span> <span class='ocrx_word' id='word_1_60' title='bbox 578 1265 735 1329; x_wconf 84' lang='lat' dir='ltr'><em>adiutrice</em></span> <span class='ocrx_word' id='word_1_61' title='bbox 759 1264 911 1348; x_wconf 85' lang='lat' dir='ltr'><em>effugisse</em></span> <span class='ocrx_word' id='word_1_62' title='bbox 934 1286 951 1328; x_wconf 92' lang='lat' dir='ltr'><em>e</em></span> <span class='ocrx_word' id='word_1_63' title='bbox 975 1264 1060 1328; x_wconf 93' lang='lat' dir='ltr'><em>libro</em></span> <span class='ocrx_word' id='word_1_64' title='bbox 1084 1265 1210 1329; x_wconf 89' lang='lat' dir='ltr'><em>decimo</em></span> <span class='ocrx_word' id='word_1_65' title='bbox 1235 1265 1349 1348; x_wconf 90' lang='lat' dir='ltr'><em>quinto</em></span> <span class='ocrx_word' id='word_1_66' title='bbox 1373 1287 1457 1329; x_wconf 56' lang='lat' dir='ltr'><em>com»</em></span> 
     </span>
    </p>
   </div>
   <div class='ocr_carea' id='block_1_3' title="bbox 311 1372 754 1561">
    <p class='ocr_par' dir='ltr' id='par_1_3' title="bbox 311 1372 754 1561">
     <span class='ocr_line' id='line_1_10' title="bbox 311 1372 464 1455; baseline 0 -21"><span class='ocrx_word' id='word_1_67' title='bbox 311 1372 464 1455; x_wconf 90' lang='lat' dir='ltr'><em>perimus.</em></span> 
     </span>
     <span class='ocr_line' id='line_1_11' title="bbox 401 1477 754 1561; baseline 0 -19"><span class='ocrx_word' id='word_1_68' title='bbox 401 1477 452 1542; x_wconf 83' lang='lat' dir='ltr'><em>Ad</em></span> <span class='ocrx_word' id='word_1_69' title='bbox 476 1499 588 1543; x_wconf 87' lang='lat' dir='ltr'><em>versus</em></span> <span class='ocrx_word' id='word_1_70' title='bbox 614 1479 675 1542; x_wconf 89' lang='grc'><em>101</em></span> <span class='ocrx_word' id='word_1_71' title='bbox 693 1501 754 1561; x_wconf 90' lang='lat' dir='ltr'><em>sq.:</em></span> 
     </span>
    </p>
   </div>
   <div class='ocr_carea' id='block_1_4' title="bbox 439 1601 1295 1791">
    <p class='ocr_par' dir='ltr' id='par_1_4' title="bbox 439 1601 1295 1791">
     <span class='ocr_line' id='line_1_12' title="bbox 442 1601 1295 1684; baseline -0.001 -17"><span class='ocrx_word' id='word_1_72' title='bbox 442 1602 486 1667; x_wconf 78' lang='lat' dir='ltr'><em>‘di</em></span> <span class='ocrx_word' id='word_1_73' title='bbox 503 1623 611 1684; x_wconf 83' lang='lat' dir='ltr'><em>precor</em></span> <span class='ocrx_word' id='word_1_74' title='bbox 633 1602 687 1666; x_wconf 82' lang='lat' dir='ltr'><em>boc</em></span> <span class='ocrx_word' id='word_1_75' title='bbox 709 1602 846 1684; x_wconf 78' lang='lat' dir='ltr'><em>iubeant,</em></span> <span class='ocrx_word' id='word_1_76' title='bbox 869 1607 904 1666; x_wconf 81' lang='lat' dir='ltr'><em>ret</em></span> <span class='ocrx_word' id='word_1_77' title='bbox 926 1601 1066 1666; x_wconf 71' lang='lat' dir='ltr'><em>malibus</em></span> <span class='ocrx_word' id='word_1_78' title='bbox 1089 1603 1195 1666; x_wconf 76' lang='lat' dir='ltr'><em>ordiar</em></span> <span class='ocrx_word' id='word_1_79' title='bbox 1216 1602 1295 1681; x_wconf 82' lang='lat' dir='ltr'><em>fatis</em></span> 
     </span>
     <span class='ocr_line' id='line_1_13' title="bbox 439 1699 1259 1791; baseline -0.004 -17"><span class='ocrx_word' id='word_1_80' title='bbox 439 1710 492 1774; x_wconf 87' lang='lat' dir='ltr'><em>ille</em></span> <span class='ocrx_word' id='word_1_81' title='bbox 513 1729 594 1774; x_wconf 84' lang='lat' dir='ltr'><em>meos</em></span> <span class='ocrx_word' id='word_1_82' title='bbox 616 1709 717 1773; x_wconf 83' lang='lat' dir='ltr'><em>oeulos</em></span> <span class='ocrx_word' id='word_1_83' title='bbox 739 1710 935 1791; x_wconf 81' lang='lat' dir='ltr'><em>comprimat,</em></span> <span class='ocrx_word' id='word_1_84' title='bbox 959 1709 1011 1773; x_wconf 86' lang='lat' dir='ltr'><em>ilie</em></span> <span class='ocrx_word' id='word_1_85' title='bbox 1032 1706 1120 1772; x_wconf 79' lang='lat' dir='ltr'><em>beos&#39;.</em></span> <span class='ocrx_word' id='word_1_86' title='bbox 1255 1699 1259 1718; x_wconf 72' lang='lat'><strong>¹</strong></span> 
     </span>
    </p>
   </div>
   <div class='ocr_carea' id='block_1_5' title="bbox 307 1833 1534 2345">
    <p class='ocr_par' dir='ltr' id='par_1_5' title="bbox 307 1833 1534 2345">
     <span class='ocr_line' id='line_1_14' title="bbox 308 1833 1456 1917; baseline -0.001 -19"><span class='ocrx_word' id='word_1_87' title='bbox 308 1833 462 1898; x_wconf 85' lang='lat' dir='ltr'><em>Loersius</em></span> <span class='ocrx_word' id='word_1_88' title='bbox 487 1834 636 1917; x_wconf 85' lang='lat' dir='ltr'><em>adnotat,</em></span> <span class='ocrx_word' id='word_1_89' title='bbox 660 1854 784 1897; x_wconf 88' lang='lat' dir='ltr'><em>morem</em></span> <span class='ocrx_word' id='word_1_90' title='bbox 806 1833 913 1917; x_wconf 85' lang='lat' dir='ltr'><em>illurn,</em></span> <span class='ocrx_word' id='word_1_91' title='bbox 936 1836 974 1896; x_wconf 93' lang='lat' dir='ltr'><em>ut</em></span> <span class='ocrx_word' id='word_1_92' title='bbox 992 1853 1050 1915; x_wconf 89' lang='lat' dir='ltr'><em>per</em></span> <span class='ocrx_word' id='word_1_93' title='bbox 1069 1834 1227 1916; x_wconf 83' lang='lat' dir='ltr'><em>cognatos</em></span> <span class='ocrx_word' id='word_1_94' title='bbox 1247 1833 1456 1898; x_wconf 85' lang='lat' dir='ltr'><em>morientium</em></span> 
     </span>
     <span class='ocr_line' id='line_1_15' title="bbox 308 1937 1454 2023; baseline 0 -18"><span class='ocrx_word' id='word_1_95' title='bbox 308 1941 394 2005; x_wconf 91' lang='lat' dir='ltr'><em>oculi</em></span> <span class='ocrx_word' id='word_1_96' title='bbox 424 1941 705 2023; x_wconf 85' lang='lat' dir='ltr'><em>concluderentur,</em></span> <span class='ocrx_word' id='word_1_97' title='bbox 734 1939 799 2003; x_wconf 86' lang='lat' dir='ltr'><em>iarn</em></span> <span class='ocrx_word' id='word_1_98' title='bbox 829 1940 914 2022; x_wconf 91' lang='lat' dir='ltr'><em>apud</em></span> <span class='ocrx_word' id='word_1_99' title='bbox 937 1937 1118 2002; x_wconf 88' lang='lat' dir='ltr'><em>Homerum</em></span> <span class='ocrx_word' id='word_1_100' title='bbox 1140 1961 1167 2002; x_wconf 88' lang='grc' dir='ltr'>ω</span> <span class='ocrx_word' id='word_1_101' title='bbox 1191 1939 1257 2004; x_wconf 77' lang='grc'><em>295</em></span> <span class='ocrx_word' id='word_1_102' title='bbox 1286 1945 1319 2004; x_wconf 87' lang='lat' dir='ltr'><em>et</em></span> <span class='ocrx_word' id='word_1_103' title='bbox 1347 1944 1365 2005; x_wconf 83' lang='lat' dir='ltr'><em>l</em></span> <span class='ocrx_word' id='word_1_104' title='bbox 1389 1943 1454 2005; x_wconf 77' lang='lat'><em>426</em></span> 
     </span>
     <span class='ocr_line' id='line_1_16' title="bbox 308 2044 1534 2129; baseline 0 -18"><span class='ocrx_word' id='word_1_105' title='bbox 308 2069 482 2111; x_wconf 89' lang='lat' dir='ltr'><em>occurrere.</em></span> <span class='ocrx_word' id='word_1_106' title='bbox 530 2044 592 2111; x_wconf 82' lang='lat' dir='ltr'><em>Sed</em></span> <span class='ocrx_word' id='word_1_107' title='bbox 621 2050 732 2111; x_wconf 89' lang='lat' dir='ltr'><em>tamen</em></span> <span class='ocrx_word' id='word_1_108' title='bbox 761 2047 852 2110; x_wconf 85' lang='lat' dir='ltr'><em>valde</em></span> <span class='ocrx_word' id='word_1_109' title='bbox 880 2046 1016 2110; x_wconf 90' lang='lat' dir='ltr'><em>dubium</em></span> <span class='ocrx_word' id='word_1_110' title='bbox 1043 2045 1183 2129; x_wconf 80' lang='lat' dir='ltr'><em>ridetur,</em></span> <span class='ocrx_word' id='word_1_111' title='bbox 1210 2069 1290 2111; x_wconf 91' lang='lat' dir='ltr'><em>num</em></span> <span class='ocrx_word' id='word_1_112' title='bbox 1318 2047 1453 2112; x_wconf 85' lang='lat' dir='ltr'><em>Ovidius</em></span> <span class='ocrx_word' id='word_1_113' title='bbox 1524 2055 1534 2067; x_wconf 82' lang='lat'><strong><em>¹</em></strong></span> 
     </span>
     <span class='ocr_line' id='line_1_17' title="bbox 307 2153 1455 2239; baseline 0 -21"><span class='ocrx_word' id='word_1_114' title='bbox 307 2154 424 2218; x_wconf 91' lang='lat' dir='ltr'><em>horum</em></span> <span class='ocrx_word' id='word_1_115' title='bbox 456 2176 607 2218; x_wconf 88' lang='lat' dir='ltr'><em>versuum</em></span> <span class='ocrx_word' id='word_1_116' title='bbox 644 2176 770 2218; x_wconf 90' lang='lat' dir='ltr'><em>memor</em></span> <span class='ocrx_word' id='word_1_117' title='bbox 805 2153 919 2236; x_wconf 87' lang='lat' dir='ltr'><em>fuerit,</em></span> <span class='ocrx_word' id='word_1_118' title='bbox 951 2175 1025 2217; x_wconf 90' lang='lat' dir='ltr'><em>cum</em></span> <span class='ocrx_word' id='word_1_119' title='bbox 1063 2153 1199 2217; x_wconf 89' lang='lat' dir='ltr'><em>eundem</em></span> <span class='ocrx_word' id='word_1_120' title='bbox 1237 2153 1337 2218; x_wconf 89' lang='lat' dir='ltr'><em>ritum</em></span> <span class='ocrx_word' id='word_1_121' title='bbox 1369 2155 1455 2239; x_wconf 92' lang='lat' dir='ltr'><em>apud</em></span> 
     </span>
     <span class='ocr_line' id='line_1_18' title="bbox 308 2257 1115 2345; baseline -0.002 -21"><span class='ocrx_word' id='word_1_122' title='bbox 308 2261 472 2324; x_wconf 87' lang='lat' dir='ltr'><em>Romanos</em></span> <span class='ocrx_word' id='word_1_123' title='bbox 496 2260 683 2344; x_wconf 83' lang='lat' dir='ltr'><em>legitimum</em></span> <span class='ocrx_word' id='word_1_124' title='bbox 705 2260 806 2324; x_wconf 89' lang='lat' dir='ltr'><em>fuisse</em></span> <span class='ocrx_word' id='word_1_125' title='bbox 829 2281 925 2324; x_wconf 89' lang='lat' dir='ltr'><em>nemo</em></span> <span class='ocrx_word' id='word_1_126' title='bbox 947 2259 1081 2324; x_wconf 85' lang='lat' dir='ltr'><em>nesciat.</em></span> <span class='ocrx_word' id='word_1_127' title='bbox 1091 2257 1115 2345; x_wconf 86' lang='lat'><em>¹)</em></span> 
     </span>
    </p>
   </div>
   <div class='ocr_carea' id='block_1_6' title="bbox 396 2366 730 2450">
    <p class='ocr_par' dir='ltr' id='par_1_6' title="bbox 396 2366 730 2450">
     <span class='ocr_line' id='line_1_19' title="bbox 396 2366 730 2450; baseline -0.003 -18"><span class='ocrx_word' id='word_1_128' title='bbox 396 2366 555 2432; x_wconf 81' lang='lat' dir='ltr'><em>Versibus</em></span> <span class='ocrx_word' id='word_1_129' title='bbox 580 2368 643 2431; x_wconf 81' lang='lat'><em>103</em></span> <span class='ocrx_word' id='word_1_130' title='bbox 667 2388 730 2450; x_wconf 90' lang='lat' dir='ltr'><em>sq.:</em></span> 
     </span>
    </p>
   </div>
   <div class='ocr_carea' id='block_1_7' title="bbox 438 2490 1312 2680">
    <p class='ocr_par' dir='ltr' id='par_1_7' title="bbox 438 2490 1312 2680">
     <span class='ocr_line' id='line_1_20' title="bbox 438 2490 1312 2576; baseline 0.002 -22"><span class='ocrx_word' id='word_1_131' title='bbox 438 2490 508 2556; x_wconf 64' lang='lat' dir='ltr'><em>&#39;‘bua</em></span> <span class='ocrx_word' id='word_1_132' title='bbox 528 2492 652 2571; x_wconf 80' lang='lat' dir='ltr'><em>faciunt</em></span> <span class='ocrx_word' id='word_1_133' title='bbox 672 2495 827 2572; x_wconf 75' lang='lat' dir='ltr'><em>custosque</em></span> <span class='ocrx_word' id='word_1_134' title='bbox 849 2490 939 2556; x_wconf 81' lang='lat' dir='ltr'><em>boum</em></span> <span class='ocrx_word' id='word_1_135' title='bbox 963 2491 1168 2574; x_wconf 77' lang='lat' dir='ltr'><em>loripaevuque</em></span> <span class='ocrx_word' id='word_1_136' title='bbox 1191 2493 1312 2576; x_wconf 70' lang='lat' dir='ltr'><em>aurea,</em></span> 
     </span>
     <span class='ocr_line' id='line_1_21' title="bbox 441 2597 1096 2680; baseline 0 -18"><span class='ocrx_word' id='word_1_137' title='bbox 441 2598 548 2662; x_wconf 67' lang='lat' dir='ltr'><em>auus</em></span> <span class='ocrx_word' id='word_1_138' title='bbox 570 2598 749 2662; x_wconf 79' lang='lat' dir='ltr'><em>immundae</em></span> <span class='ocrx_word' id='word_1_139' title='bbox 771 2618 847 2662; x_wconf 83' lang='lat' dir='ltr'><em>cura</em></span> <span class='ocrx_word' id='word_1_140' title='bbox 869 2597 969 2680; x_wconf 64' lang='lat' dir='ltr'><em>ridelis</em></span> <span class='ocrx_word' id='word_1_141' title='bbox 991 2597 1096 2662; x_wconf 86' lang='lat' dir='ltr'><em>buroe&#39;</em></span> 
     </span>
    </p>
   </div>
   <div class='ocr_carea' id='block_1_8' title="bbox 306 2721 1454 3341">
    <p class='ocr_par' dir='ltr' id='par_1_8' title="bbox 306 2721 1454 3341">
     <span class='ocr_line' id='line_1_22' title="bbox 307 2721 1454 2807; baseline 0.003 -22"><span class='ocrx_word' id='word_1_142' title='bbox 307 2723 329 2785; x_wconf 86' lang='lat' dir='ltr'><em>ii</em></span> <span class='ocrx_word' id='word_1_143' title='bbox 354 2721 461 2786; x_wconf 84' lang='lat' dir='ltr'><em>Ulixis</em></span> <span class='ocrx_word' id='word_1_144' title='bbox 490 2723 575 2787; x_wconf 90' lang='lat' dir='ltr'><em>servi</em></span> <span class='ocrx_word' id='word_1_145' title='bbox 603 2723 813 2807; x_wconf 80' lang='lat' dir='ltr'><em>denotantur,</em></span> <span class='ocrx_word' id='word_1_146' title='bbox 842 2722 897 2806; x_wconf 92' lang='lat' dir='ltr'><em>qui</em></span> <span class='ocrx_word' id='word_1_147' title='bbox 924 2726 1059 2806; x_wconf 92' lang='lat' dir='ltr'><em>propter</em></span> <span class='ocrx_word' id='word_1_148' title='bbox 1087 2722 1286 2807; x_wconf 86' lang='lat' dir='ltr'><em>singularem</em></span> <span class='ocrx_word' id='word_1_149' title='bbox 1315 2723 1454 2788; x_wconf 90' lang='lat' dir='ltr'><em>dominis</em></span> 
     </span>
     <span class='ocr_line' id='line_1_23' title="bbox 306 2829 1453 2914; baseline 0 -20"><span class='ocrx_word' id='word_1_150' title='bbox 306 2830 402 2894; x_wconf 91' lang='lat' dir='ltr'><em>fidem</em></span> <span class='ocrx_word' id='word_1_151' title='bbox 425 2831 608 2914; x_wconf 78' lang='lat' dir='ltr'><em>praebitam</em></span> <span class='ocrx_word' id='word_1_152' title='bbox 636 2831 671 2895; x_wconf 93' lang='lat' dir='ltr'><em>in</em></span> <span class='ocrx_word' id='word_1_153' title='bbox 695 2829 859 2914; x_wconf 87' lang='lat' dir='ltr'><em>Odysseae</em></span> <span class='ocrx_word' id='word_1_154' title='bbox 889 2829 1088 2894; x_wconf 87' lang='lat' dir='ltr'><em>carminibus</em></span> <span class='ocrx_word' id='word_1_155' title='bbox 1117 2830 1268 2894; x_wconf 89' lang='lat' dir='ltr'><em>maximis</em></span> <span class='ocrx_word' id='word_1_156' title='bbox 1296 2835 1453 2894; x_wconf 91' lang='lat' dir='ltr'><em>ornantur</em></span> 
     </span>
     <span class='ocr_line' id='line_1_24' title="bbox 306 2917 1453 3022; baseline 0 -21"><span class='ocrx_word' id='word_1_157' title='bbox 306 2937 465 3002; x_wconf 87' lang='lat' dir='ltr'><em>laudibus.</em></span> <span class='ocrx_word' id='word_1_158' title='bbox 507 2935 617 3022; x_wconf 82' lang='lat' dir='ltr'><em>Atque</em></span> <span class='ocrx_word' id='word_1_159' title='bbox 642 2941 752 3001; x_wconf 85' lang='lat' dir='ltr'><em>custos</em></span> <span class='ocrx_word' id='word_1_160' title='bbox 776 2937 875 3001; x_wconf 94' lang='lat' dir='ltr'><em>boum</em></span> <span class='ocrx_word' id='word_1_161' title='bbox 899 2940 949 3000; x_wconf 89' lang='lat' dir='ltr'><em>est</em></span> <span class='ocrx_word' id='word_1_162' title='bbox 971 2917 1168 3020; x_wconf 57' lang='lat' dir='ltr'><em>PhiloetiusJ</em></span> <span class='ocrx_word' id='word_1_163' title='bbox 1198 2936 1289 3001; x_wconf 90' lang='lat' dir='ltr'><em>cuius</em></span> <span class='ocrx_word' id='word_1_164' title='bbox 1312 2937 1453 3002; x_wconf 87' lang='lat' dir='ltr'><em>fidelitas</em></span> 
     </span>
     <span class='ocr_line' id='line_1_25' title="bbox 307 3043 1453 3129; baseline 0.001 -22"><span class='ocrx_word' id='word_1_165' title='bbox 307 3065 385 3129; x_wconf 84' lang='lat' dir='ltr'><em>erga</em></span> <span class='ocrx_word' id='word_1_166' title='bbox 409 3043 539 3108; x_wconf 87' lang='lat' dir='ltr'><em>Ulixem</em></span> <span class='ocrx_word' id='word_1_167' title='bbox 562 3043 736 3108; x_wconf 84' lang='lat' dir='ltr'><em>manifesta</em></span> <span class='ocrx_word' id='word_1_168' title='bbox 765 3044 801 3106; x_wconf 89' lang='lat' dir='ltr'><em>fit</em></span> <span class='ocrx_word' id='word_1_169' title='bbox 829 3065 847 3107; x_wconf 89' lang='grc' dir='ltr'>υ</span> <span class='ocrx_word' id='word_1_170' title='bbox 874 3043 951 3127; x_wconf 85' lang='lat'>185,</span> <span class='ocrx_word' id='word_1_171' title='bbox 980 3043 1099 3127; x_wconf 89' lang='lat' dir='ltr'><em>quique</em></span> <span class='ocrx_word' id='word_1_172' title='bbox 1120 3047 1237 3126; x_wconf 90' lang='lat' dir='ltr'><em>postea</em></span> <span class='ocrx_word' id='word_1_173' title='bbox 1263 3044 1356 3109; x_wconf 92' lang='lat' dir='ltr'><em>illum</em></span> <span class='ocrx_word' id='word_1_174' title='bbox 1381 3067 1453 3128; x_wconf 91' lang='lat' dir='ltr'><em>pro-</em></span> 
     </span>
     <span class='ocr_line' id='line_1_26' title="bbox 307 3142 1452 3236; baseline 0.001 -22"><span class='ocrx_word' id='word_1_175' title='bbox 307 3172 361 3214; x_wconf 91' lang='lat' dir='ltr'><em>cos</em></span> <span class='ocrx_word' id='word_1_176' title='bbox 385 3151 599 3233; x_wconf 79' lang='lat' dir='ltr'><em>perimentem</em></span> <span class='ocrx_word' id='word_1_177' title='bbox 623 3150 755 3213; x_wconf 87' lang='lat' dir='ltr'><em>adiuvat</em></span> <span class='ocrx_word' id='word_1_178' title='bbox 778 3145 836 3236; x_wconf 81' lang='grc' dir='ltr'><em>(χ)</em></span> <span class='ocrx_word' id='word_1_179' title='bbox 882 3148 930 3214; x_wconf 91' lang='lat' dir='ltr'><em>De</em></span> <span class='ocrx_word' id='word_1_180' title='bbox 954 3142 1116 3234; x_wconf 85' lang='lat' dir='ltr'><em>Euryclea</em></span> <span class='ocrx_word' id='word_1_181' title='bbox 1139 3149 1299 3234; x_wconf 85' lang='lat' dir='ltr'><em>longaeva</em></span> <span class='ocrx_word' id='word_1_182' title='bbox 1326 3151 1452 3216; x_wconf 85' lang='lat' dir='ltr'><em>nutrice</em></span> 
     </span>
     <span class='ocr_line' id='line_1_27' title="bbox 308 3256 761 3341; baseline -0.002 -21"><span class='ocrx_word' id='word_1_183' title='bbox 308 3278 328 3320; x_wconf 88' lang='grc' dir='ltr'>α</span> <span class='ocrx_word' id='word_1_184' title='bbox 352 3256 417 3322; x_wconf 86' lang='grc'><em>434</em></span> <span class='ocrx_word' id='word_1_185' title='bbox 433 3278 481 3340; x_wconf 87' lang='lat' dir='ltr'><em>sq.</em></span> <span class='ocrx_word' id='word_1_186' title='bbox 504 3256 584 3321; x_wconf 90' lang='lat' dir='ltr'><em>haec</em></span> <span class='ocrx_word' id='word_1_187' title='bbox 607 3256 761 3341; x_wconf 84' lang='lat' dir='ltr'><em>legimus:</em></span> 
     </span>
    </p>
   </div>
   <div class='ocr_carea' id='block_1_9' title="bbox 439 3378 1222 3567">
    <p class='ocr_par' dir='ltr' id='par_1_9' title="bbox 439 3378 1222 3567">
     <span class='ocr_line' id='line_1_28' title="bbox 439 3378 1058 3468; baseline -0.002 -23"><span class='ocrx_word' id='word_1_188' title='bbox 439 3384 490 3445; x_wconf 85' lang='grc' dir='ltr'><em>καὶ</em></span> <span class='ocrx_word' id='word_1_189' title='bbox 513 3383 529 3446; x_wconf 76' lang='grc' dir='ltr'>ἓ</span> <span class='ocrx_word' id='word_1_190' title='bbox 552 3379 635 3468; x_wconf 86' lang='lat' dir='ltr'><em>(scil.</em></span> <span class='ocrx_word' id='word_1_191' title='bbox 660 3378 904 3464; x_wconf 80' lang='lat' dir='ltr'><em>Telemachum)</em></span> <span class='ocrx_word' id='word_1_192' title='bbox 927 3383 1058 3460; x_wconf 76' lang='lat' dir='ltr'><em>pdhrcro</em></span> 
     </span>
     <span class='ocr_line' id='line_1_29' title="bbox 440 3487 1222 3567; baseline 0.001 -16"><span class='ocrx_word' id='word_1_193' title='bbox 440 3487 579 3567; x_wconf 84' lang='grc' dir='ltr'>δμωάων</span> <span class='ocrx_word' id='word_1_194' title='bbox 602 3490 747 3567; x_wconf 76' lang='grc' dir='ltr'>φιλέεεκε</span> <span class='ocrx_word' id='word_1_195' title='bbox 772 3490 822 3552; x_wconf 88' lang='grc' dir='ltr'><em>καὶ</em></span> <span class='ocrx_word' id='word_1_196' title='bbox 845 3487 961 3566; x_wconf 80' lang='grc' dir='ltr'>ἔτρεφε</span> <span class='ocrx_word' id='word_1_197' title='bbox 985 3489 1101 3551; x_wconf 87' lang='grc' dir='ltr'>τυτθὸν</span> <span class='ocrx_word' id='word_1_198' title='bbox 1125 3487 1222 3552; x_wconf 85' lang='grc' dir='ltr'>ἐόντα</span> 
     </span>
    </p>
   </div>
   <div class='ocr_carea' id='block_1_10' title="bbox 305 3610 1452 4337">
    <p class='ocr_par' dir='ltr' id='par_1_10' title="bbox 306 3610 1452 4019">
     <span class='ocr_line' id='line_1_30' title="bbox 306 3610 1451 3696; baseline 0 -20"><span class='ocrx_word' id='word_1_199' title='bbox 306 3616 341 3676; x_wconf 90' lang='lat' dir='ltr'><em>et</em></span> <span class='ocrx_word' id='word_1_200' title='bbox 360 3612 450 3680; x_wconf 84' lang='lat' dir='ltr'><em>alias</em></span> <span class='ocrx_word' id='word_1_201' title='bbox 460 3611 529 3676; x_wconf 90' lang='lat' dir='ltr'><em>eius</em></span> <span class='ocrx_word' id='word_1_202' title='bbox 549 3633 780 3696; x_wconf 89' lang='lat' dir='ltr'><em>saepenumero</em></span> <span class='ocrx_word' id='word_1_203' title='bbox 800 3611 998 3677; x_wconf 87' lang='lat' dir='ltr'><em>mentionem</em></span> <span class='ocrx_word' id='word_1_204' title='bbox 1015 3611 1085 3677; x_wconf 88' lang='lat' dir='ltr'><em>fieri</em></span> <span class='ocrx_word' id='word_1_205' title='bbox 1099 3612 1135 3676; x_wconf 90' lang='lat' dir='ltr'><em>in</em></span> <span class='ocrx_word' id='word_1_206' title='bbox 1147 3610 1273 3676; x_wconf 90' lang='lat' dir='ltr'><em>ultimis</em></span> <span class='ocrx_word' id='word_1_207' title='bbox 1289 3611 1451 3696; x_wconf 87' lang='lat' dir='ltr'><em>Odysseae</em></span> 
     </span>
     <span class='ocr_line' id='line_1_31' title="bbox 306 3718 1451 3804; baseline 0 -22"><span class='ocrx_word' id='word_1_208' title='bbox 306 3718 399 3783; x_wconf 88' lang='lat' dir='ltr'><em>libris</em></span> <span class='ocrx_word' id='word_1_209' title='bbox 424 3719 505 3783; x_wconf 89' lang='lat' dir='ltr'><em>satis</em></span> <span class='ocrx_word' id='word_1_210' title='bbox 525 3722 576 3783; x_wconf 87' lang='lat' dir='ltr'><em>est</em></span> <span class='ocrx_word' id='word_1_211' title='bbox 593 3723 723 3804; x_wconf 83' lang='lat' dir='ltr'><em>notum3</em></span> <span class='ocrx_word' id='word_1_212' title='bbox 745 3741 805 3785; x_wconf 89' lang='lat' dir='ltr'><em>nec</em></span> <span class='ocrx_word' id='word_1_213' title='bbox 824 3719 930 3804; x_wconf 84' lang='lat' dir='ltr'><em>magis</em></span> <span class='ocrx_word' id='word_1_214' title='bbox 949 3719 1130 3784; x_wconf 84' lang='lat' dir='ltr'><em>Eumaeum</em></span> <span class='ocrx_word' id='word_1_215' title='bbox 1149 3719 1335 3783; x_wconf 91' lang='lat' dir='ltr'><em>immundae</em></span> <span class='ocrx_word' id='word_1_216' title='bbox 1353 3720 1451 3783; x_wconf 90' lang='lat' dir='ltr'><em>harae</em></span> 
     </span>
     <span class='ocr_line' id='line_1_32' title="bbox 307 3821 1452 3911; baseline -0.001 -22"><span class='ocrx_word' id='word_1_217' title='bbox 307 3830 491 3890; x_wconf 88' lang='lat' dir='ltr'><em>curatorem</em></span> <span class='ocrx_word' id='word_1_218' title='bbox 516 3825 605 3891; x_wconf 85' lang='lat' dir='ltr'><em>Ulixi</em></span> <span class='ocrx_word' id='word_1_219' title='bbox 634 3825 669 3889; x_wconf 89' lang='lat' dir='ltr'><em>in</em></span> <span class='ocrx_word' id='word_1_220' title='bbox 692 3826 845 3911; x_wconf 91' lang='lat' dir='ltr'><em>periculis</em></span> <span class='ocrx_word' id='word_1_221' title='bbox 870 3821 1030 3890; x_wconf 88' lang='lat' dir='ltr'><em>summam</em></span> <span class='ocrx_word' id='word_1_222' title='bbox 1053 3825 1258 3909; x_wconf 89' lang='lat' dir='ltr'><em>praestitisse</em></span> <span class='ocrx_word' id='word_1_223' title='bbox 1281 3826 1379 3891; x_wconf 89' lang='lat' dir='ltr'><em>fidem</em></span> <span class='ocrx_word' id='word_1_224' title='bbox 1402 3830 1452 3890; x_wconf 87' lang='lat' dir='ltr'><em>est</em></span> 
     </span>
     <span class='ocr_line' id='line_1_33' title="bbox 307 3930 950 4019; baseline 0 -23"><span class='ocrx_word' id='word_1_225' title='bbox 307 3933 490 3997; x_wconf 70' lang='lat' dir='ltr'><em>curiosius</em></span> <span class='ocrx_word' id='word_1_226' title='bbox 514 3932 710 4016; x_wconf 88' lang='lat' dir='ltr'><em>explicemus</em></span> <span class='ocrx_word' id='word_1_227' title='bbox 736 3930 788 4019; x_wconf 87' lang='lat' dir='ltr'><em>(cf.</em></span> <span class='ocrx_word' id='word_1_228' title='bbox 812 3938 828 4000; x_wconf 81' lang='grc' dir='ltr'><em>Ξ</em></span> <span class='ocrx_word' id='word_1_229' title='bbox 852 3936 885 4000; x_wconf 87' lang='lat' dir='ltr'><em>et</em></span> <span class='ocrx_word' id='word_1_230' title='bbox 909 3934 950 4015; x_wconf 82' lang='grc' dir='ltr'><em>ο).</em></span> 
     </span>
    </p>

    <p class='ocr_par' dir='ltr' id='par_1_11' title="bbox 305 4039 1451 4337">
     <span class='ocr_line' id='line_1_34' title="bbox 394 4039 1451 4125; baseline -0.004 -21"><span class='ocrx_word' id='word_1_231' title='bbox 394 4039 446 4105; x_wconf 85' lang='lat' dir='ltr'><em>Ex</em></span> <span class='ocrx_word' id='word_1_232' title='bbox 464 4040 518 4125; x_wconf 84' lang='lat' dir='ltr'><em>iis,</em></span> <span class='ocrx_word' id='word_1_233' title='bbox 538 4062 619 4123; x_wconf 88' lang='lat' dir='ltr'><em>quae</em></span> <span class='ocrx_word' id='word_1_234' title='bbox 639 4040 743 4104; x_wconf 89' lang='lat' dir='ltr'><em>adhuc</em></span> <span class='ocrx_word' id='word_1_235' title='bbox 762 4039 1014 4123; x_wconf 85' lang='lat' dir='ltr'><em>disputavimus,</em></span> <span class='ocrx_word' id='word_1_236' title='bbox 1038 4039 1118 4103; x_wconf 84' lang='lat' dir='ltr'><em>satis</em></span> <span class='ocrx_word' id='word_1_237' title='bbox 1138 4040 1262 4103; x_wconf 88' lang='lat' dir='ltr'><em>clarum</em></span> <span class='ocrx_word' id='word_1_238' title='bbox 1277 4059 1346 4103; x_wconf 89' lang='lat' dir='ltr'><em>esse</em></span> <span class='ocrx_word' id='word_1_239' title='bbox 1361 4040 1451 4121; x_wconf 86' lang='lat' dir='ltr'><em>puto,</em></span> 
     </span>
     <span class='ocr_line' id='line_1_35' title="bbox 307 4145 1451 4231; baseline -0.002 -21"><span class='ocrx_word' id='word_1_240' title='bbox 307 4146 460 4213; x_wconf 84' lang='lat' dir='ltr'><em>Ovidium</em></span> <span class='ocrx_word' id='word_1_241' title='bbox 482 4147 579 4211; x_wconf 91' lang='lat' dir='ltr'><em>huius</em></span> <span class='ocrx_word' id='word_1_242' title='bbox 599 4147 756 4230; x_wconf 89' lang='lat' dir='ltr'><em>epistulae</em></span> <span class='ocrx_word' id='word_1_243' title='bbox 776 4149 1005 4231; x_wconf 85' lang='lat' dir='ltr'><em>argumentum</em></span> <span class='ocrx_word' id='word_1_244' title='bbox 1024 4167 1063 4209; x_wconf 88' lang='lat' dir='ltr'><em>cx</em></span> <span class='ocrx_word' id='word_1_245' title='bbox 1082 4147 1246 4211; x_wconf 87' lang='lat' dir='ltr'><em>uberrimo</em></span> <span class='ocrx_word' id='word_1_246' title='bbox 1266 4145 1451 4210; x_wconf 88' lang='lat' dir='ltr'><em>fabulamm</em></span> 
     </span>
     <span class='ocr_line' id='line_1_36' title="bbox 305 4251 1450 4337; baseline -0.001 -20"><span class='ocrx_word' id='word_1_247' title='bbox 305 4253 544 4318; x_wconf 85' lang='lat' dir='ltr'><em>homericarum</em></span> <span class='ocrx_word' id='word_1_248' title='bbox 567 4275 686 4336; x_wconf 90' lang='lat' dir='ltr'><em>penore</em></span> <span class='ocrx_word' id='word_1_249' title='bbox 710 4251 963 4337; x_wconf 86' lang='lat' dir='ltr'><em>deprompsisse,</em></span> <span class='ocrx_word' id='word_1_250' title='bbox 986 4252 1034 4316; x_wconf 92' lang='lat' dir='ltr'><em>ita</em></span> <span class='ocrx_word' id='word_1_251' title='bbox 1056 4255 1094 4317; x_wconf 89' lang='lat' dir='ltr'><em>ut</em></span> <span class='ocrx_word' id='word_1_252' title='bbox 1118 4253 1186 4316; x_wconf 91' lang='lat' dir='ltr'><em>eius</em></span> <span class='ocrx_word' id='word_1_253' title='bbox 1210 4253 1295 4317; x_wconf 86' lang='lat' dir='ltr'><em>ratio</em></span> <span class='ocrx_word' id='word_1_254' title='bbox 1320 4251 1450 4334; x_wconf 87' lang='lat' dir='ltr'><em>abillo,</em></span> 
     </span>
    </p>
   </div>
   <div class='ocr_carea' id='block_1_11' title="bbox 400 4445 1391 4515">
    <p class='ocr_par' dir='ltr' id='par_1_12' title="bbox 400 4445 1391 4515">
     <span class='ocr_line' id='line_1_37' title="bbox 400 4445 1391 4515; baseline -0.002 -16"><span class='ocrx_word' id='word_1_255' title='bbox 400 4448 426 4515; x_wconf 93' lang='lat' dir='ltr'><em>l)</em></span> <span class='ocrx_word' id='word_1_256' title='bbox 444 4445 484 4499; x_wconf 80' lang='lat' dir='ltr'><em>Ul.</em></span> <span class='ocrx_word' id='word_1_257' title='bbox 504 4445 680 4513; x_wconf 83' lang='lat' dir='ltr'><em>Marquardt:</em></span> <span class='ocrx_word' id='word_1_258' title='bbox 702 4445 869 4512; x_wconf 82' lang='lat' dir='ltr'><em>Antiquitat.</em></span> <span class='ocrx_word' id='word_1_259' title='bbox 888 4463 993 4500; x_wconf 89' lang='lat' dir='ltr'><em>roman.</em></span> <span class='ocrx_word' id='word_1_260' title='bbox 1012 4445 1113 4513; x_wconf 87' lang='lat' dir='ltr'><em>privat.</em></span> <span class='ocrx_word' id='word_1_261' title='bbox 1134 4445 1160 4497; x_wconf 76' lang='lat' dir='ltr'><em>p</em></span> <span class='ocrx_word' id='word_1_262' title='bbox 1178 4445 1270 4514; x_wconf 85' lang='grc'>(1886)</span> <span class='ocrx_word' id='word_1_263' title='bbox 1290 4463 1315 4514; x_wconf 92' lang='lat' dir='ltr'><em>p.</em></span> <span class='ocrx_word' id='word_1_264' title='bbox 1332 4450 1391 4498; x_wconf 82' lang='grc'>346.</span> 
     </span>
    </p>
   </div>
   <div class='ocr_carea' id='block_1_12' title="bbox 0 0 1678 4934">
    <p class='ocr_par' dir='ltr' id='par_1_13' title="bbox 0 0 1678 4934">
     <span class='ocr_line' id='line_1_38' title="bbox 0 0 1678 4934; baseline 0 1"><span class='ocrx_word' id='word_1_265' title='bbox 0 0 1678 4934; x_wconf 95' lang='lat' dir='ltr'><em> </em></span> 
     </span>
    </p>
   </div>
  </div>
 </body>
</html>
