3346 4934
724 327 922 390 ,9-

337 486 425 562 Quae
454 510 528 553 cum
556 487 603 551 ita
634 487 700 550 sint
729 486 880 551 Ovidium
908 487 1030 550 verbis:
1063 485 1211 568 ‘r'pnotinn
1238 486 1292 552 boc
1321 489 1395 552 aliis

248 595 299 659 illc
320 596 445 660 novavit
466 593 553 676 opns'
581 593 614 658 id
638 597 767 658 tantum
792 593 975 678 significare
1006 593 1147 657 voluisse
1176 593 1331 676 arbitror,
1360 617 1393 658 se

247 701 388 785 primum
411 702 445 765 id
467 701 654 766 litterarum
677 723 779 786 genus
803 701 1014 784 popularibus
1039 699 1189 784 ignotum
1212 701 1253 764 ad
1276 699 1394 764 Roma-

246 829 307 872 nos
337 808 554 872 transtulisse.
600 807 646 872 At
673 830 739 872 non
767 807 951 891 defuerunt,
985 807 1040 891 qui
1072 810 1205 890 poetam
1238 807 1279 871 ob
1307 807 1394 872 hunc

247 915 355 998 ipsum
382 937 512 978 versum
538 915 644 979 inanis
672 915 860 979 iactationis
891 936 983 978 reum
1012 910 1193 1000 agerent¹),
1226 935 1300 978 cum
1327 915 1394 978 iam

247 1021 337 1104 prius
367 1044 386 1084 a
409 1020 582 1105 Propertio
606 1021 655 1086 IV
679 1019 732 1104 32)
756 1021 922 1086 heroidem
951 1043 1021 1086 esse
1050 1021 1266 1104 compositam
1294 1022 1394 1086 mani-

247 1127 369 1192 festum
392 1135 487 1191 esset.
535 1126 598 1193 Sed
627 1128 694 1193 sive
722 1128 898 1210 epistolicn
925 1127 1170 1210 proportionum
1199 1131 1273 1191 ante
1298 1127 1393 1192 Ovidi

246 1235 396 1299 heroides
420 1234 605 1299 confectum
627 1257 698 1299 esse
721 1255 785 1298 una
807 1256 880 1298 cum
900 1232 1017 1300 Oarolo
1037 1233 1252 1318 Kirchner0³)
1272 1235 1395 1299 conicis

247 1379 291 1388 —-
314 1342 400 1425 quod
424 1341 505 1405 mihi
529 1342 659 1425 quidem
683 1340 764 1405 satis
784 1341 976 1426 ambiguum
995 1342 1124 1406 videtur
1140 1379 1184 1387 —
1203 1341 1270 1405 sive
1291 1342 1393 1407 mavis

247 1447 391 1531 accipere
415 1447 613 1512 sententiam
637 1447 809 1532 Iurenkae‚
834 1448 967 1531 quill.
987 1471 1017 1531 p.
1037 1449 1167 1512 10-20
1186 1447 1394 1532 Propertium

248 1554 343 1619 Ovidi
366 1555 514 1620 heroides
538 1555 705 1619 imitatum
733 1576 804 1618 esse
827 1554 1012 1638 legentibus
1040 1540 1233 1638 persuadere
1258 1555 1394 1638 studuit,

247 1665 335 1725 certe
359 1661 391 1725 id
413 1685 514 1726 unum
538 1663 713 1727 tenendum
733 1660 904 1747 ‘Ouidium
927 1667 963 1726 at
985 1663 1102 1744 inperiti
1120 1663 1277 1727 muliebris
1295 1665 1395 1727 oame-

248 1773 339 1833 tutcm
357 1769 481 1834 uberius
499 1771 678 1853 depinperet,
697 1769 841 1834 heroicas
859 1771 1070 1852 antiquissimi
1089 1771 1230 1852 temporis
1248 1769 1395 1851 epistulas
1496 1792 1497 1796 ¹

246 1877 319 1941 illos
341 1876 502 1942 enitentes
522 1878 634 1960 faeere,
658 1883 766 1942 contro
786 1878 841 1942 sub
859 1879 982 1942 nornine
1000 1878 1132 1960 Lycotae
1151 1878 1285 1941 amicam
1303 1897 1394 1958 prien-

246 1985 319 2048 dom
343 1983 485 2066 Properti
511 1985 615 2067 lutere,
642 1985 693 2049 cai
719 2005 799 2049 anor
827 1985 941 2050 scilicet
963 1985 1068 2066 puello
1095 2004 1239 2068 romono,
1267 1985 1394 2066 cleptum

247 2093 369 2155 tertiam
391 2091 519 2156 scribere
540 2093 686 2173 finpotur,
709 2092 774 2156 veri
796 2112 858 2156 esse
880 2087 1140 2176 storatianum).

336 2197 484 2261 Primum
497 2197 600 2282 igitur
616 2199 761 2262 omnium
776 2197 968 2263 Latinorum
980 2199 1133 2263 Ovidium
1146 2199 1294 2262 heroides
1310 2221 1395 2263 oom-

247 2303 395 2387 posuisse
419 2307 452 2367 et
475 2326 509 2368 re
533 2326 610 2369 vera
632 2305 680 2369 ita
702 2306 888 2370 nominasse
912 2328 963 2370 me
983 2307 1223 2370 demonstrasse
1242 2307 1392 2370 arbitror.

248 2585 432 2640 Nicaenetum
456 2585 486 2639 in
509 2585 658 2640 mulierum
683 2588 813 2657 catalogo
833 2589 862 2642 et
881 2587 1050 2643 Sosicratem
1074 2587 1104 2642 in
1126 2588 1209 2642 Eoeis
1230 2588 1393 2644 Athenaeus

246 2674 319 2728 libro
339 2675 403 2729 XIII
421 2695 448 2745 p.
464 2681 515 2730 590
530 2675 561 2730 Β.
584 2677 722 2730 tractasse
747 2677 880 2746 tradidit,
904 2679 957 2732 boc
981 2677 1056 2732 omni
1082 2677 1264 2732 fundamento
1283 2678 1394 2732 videtur

249 2779 356 2829 carere,
374 2780 464 2831 neque
481 2780 549 2818 vero
569 2763 685 2816 Heinsio
705 2766 734 2818 et
752 2763 916 2818 Caecubono
936 2782 1051 2834 possum
1074 2765 1249 2835 adstipulari,
1269 2785 1339 2834 quos
1358 2768 1394 2820 ad

250 2851 380 2906 heroinas
400 2869 511 2908 carmen
530 2852 560 2905 in
579 2851 726 2907 Berenices
745 2852 842 2907 laudes
862 2853 1006 2923 scriptum,
1024 2854 1101 2908 cuius
1121 2853 1233 2922 quidem
1251 2855 1393 2924 fragmen-

247 2942 306 2994 tum
326 2941 361 2996 ab
375 2944 522 2997 Athenaeo
542 2941 614 2996 libro
628 2941 681 2996 VII
700 2960 727 3011 p.
744 2947 796 2996 284
811 2945 844 2998 A.
864 2944 1003 2998 servatum
1024 2946 1075 3011 est,
1096 2942 1238 2998 rettulisse
1253 2943 1394 2998 Arminius

248 3030 393 3086 Fritzsche
412 3030 442 3085 in
461 3031 659 3086 dissertatione
680 3031 724 3086 ‘cle
738 3034 827 3102 poetis
842 3033 1008 3088 Graecorum
1028 3034 1168 3088 bucolicis’
1189 3033 1298 3102 (Gissae
1314 3037 1394 3104 1844)

246 3138 272 3189 p.
288 3126 322 3174 25
342 3122 472 3176 testatur.
509 3121 587 3175 Mera
607 3124 702 3176 autem
721 3123 882 3177 coniectura
901 3124 944 3176 est
962 3124 992 3176 L.
1013 3121 1151 3178 Schmidti
1171 3123 1326 3193 sententia,
1346 3123 1394 3191 qui

245 3209 328 3264 Pauli
342 3209 454 3278 Encycl.
470 3211 482 3263 I
501 3231 527 3280 p.
543 3217 612 3265 2522
631 3212 745 3281 praeter
758 3211 905 3266 Berenices
925 3212 1082 3267 encomium
1102 3211 1187 3265 etiam
1206 3212 1286 3280 Idyll.
1303 3213 1394 3266 XXVI

175 3361 177 3366 ,
247 3316 301 3368 quo
321 3299 419 3352 fabula
433 3298 551 3354 Penthei
571 3303 695 3354 amatre
714 3299 854 3370 huiusque
874 3300 1016 3354 sororibus
1036 3300 1166 3353 dilaniati
1182 3301 1348 3369 continetur,
1364 3302 1394 3355 in

247 3403 279 3442 eo
299 3403 400 3457 genere
424 3387 511 3442 fuisse
535 3388 697 3444 dubitanter
720 3389 923 3459 pronuntiavit.
945 3421 978 3430 -
996 3388 1039 3442 Ex
1062 3388 1109 3457 iis,
1129 3405 1200 3457 quae
1223 3389 1307 3444 modo
1331 3408 1394 3460 pro·

246 3475 377 3542 tulimus,
406 3475 548 3531 Loersium
574 3478 656 3532 valde
686 3494 793 3532 errasse
818 3480 949 3548 apparet,
978 3495 1041 3532 cum
1059 3478 1077 3532 l.
1098 3479 1115 3532 l.
1135 3496 1161 3546 p.
1177 3478 1280 3532 XXXV
1304 3496 1395 3546 neque

246 3581 349 3635 graeca
368 3565 449 3619 huius
469 3567 578 3634 generis
598 3567 724 3622 carmina
743 3569 868 3636 exstare,
887 3584 978 3636 neque
997 3585 1014 3622 a
1033 3583 1172 3635 quoquam
1192 3570 1316 3622 veterum
1336 3568 1397 3621 ulla

246 3671 368 3722 unquam
401 3652 543 3708 exstitisse
575 3656 728 3712 memoriae
761 3656 905 3727 proditum
937 3673 998 3711 esse
1032 3657 1222 3712 contenderet.
1268 3655 1395 3709 Eundem

247 3760 368 3798 errorem
391 3743 533 3800 commisit
556 3745 676 3800 Iurenka
702 3746 733 3800 in
760 3748 970 3816 programmate
996 3744 1199 3800 vindobonensi
1226 3743 1293 3798 anni
1318 3750 1395 3812 1881,

246 3831 321 3918 quod
344 3833 517 3888 inscribitur:
549 3835 690 3905 ‘Beitrdpe
712 3853 762 3891 aar
782 3837 880 3892 Kritilc
898 3838 946 3890 der
968 3835 1130 3891 Ovidiscben
1148 3834 1300 3889 Heroiden'
1326 3850 1352 3901 p.
1370 3841 1395 3888 7.

248 3921 308 3986 Quo
328 3921 433 3976 factum
453 3925 509 3991 est,
529 3926 561 3977 ut
580 3923 664 3979 iidem
685 3923 817 3980 Ovidium
837 3924 896 3980 Art.
917 3928 1002 3982 amat.
1022 3925 1063 3978 III
1081 3931 1132 3979 346
1158 3941 1186 3978 se
1210 3923 1302 3992 ipsum
1329 3922 1395 3976 novi

250 4012 336 4080 atquc
356 4009 477 4066 inauditi
496 4013 628 4068 carminis
645 4014 825 4088 inventorem·
839 4015 1018 4083 praedicasse
1038 4013 1226 4083 opinarentur.

337 4103 361 4166 1)
382 4100 420 4154 Cf.
441 4100 562 4156 lurcnka
579 4101 598 4157 l.
618 4104 637 4158 l.
656 4122 683 4172 p.
700 4109 728 4160 5.

336 4194 363 4257 2)
381 4189 435 4245 Vel
456 4191 479 4244 V
495 4198 510 4244 3
537 4193 690 4246 secundum
709 4210 825 4262 pravam
844 4191 1018 4247 Lachmanni
1037 4190 1323 4261 partitionem—De
1341 4192 1395 4245 hoc

246 4295 302 4333 uno
322 4278 444 4333 carmine
465 4279 607 4350 agendum
626 4297 687 4336 esse
707 4285 782 4337 recte
801 4282 922 4336 Iurenlra
939 4300 966 4351 p.
984 4287 1016 4334 11
1032 4297 1091 4348 sqq.
1112 4279 1279 4334 observavit.

339 4369 366 4436 3)
386 4369 442 4423 ‘De
460 4369 602 4440 Propertii
620 4372 690 4428 libro
708 4374 803 4441 quinto
822 4374 916 4441 capita
934 4372 1001 4427 sca!
1040 4368 1164 4422 Wismar
1183 4375 1251 4424 1882
1271 4387 1297 4439 p.
1313 4375 1356 4424 58.

337 4457 365 4525 4)
384 4453 423 4510 cf.
443 4456 581 4512 Xirchner
598 4458 618 4513 l.
637 4459 655 4512 l.
675 4477 702 4528 p.
718 4467 752 4513 46
768 4477 808 4528 sq.
