3326 4930
690 314 910 380 ..65-

226 497 297 540 esse
311 475 451 540 vidimus
467 495 634 538 munerum
651 474 928 539 enumerationem
944 474 985 538 ab
997 473 1239 558 Agamemnone
1252 474 1371 542 Achilli

226 583 421 647 oblatorum.

315 688 462 774 Denique
491 689 572 753 illud
600 690 675 754 volo
710 711 962 754 commemorare
991 688 1175 771 Penelopen
1206 711 1300 778 versu
1330 690 1372 754 98

226 796 303 860 data
331 818 429 879 opera
457 796 580 880 aliquid
608 797 646 860 de
674 796 860 861 Telemachi
890 797 995 879 annis,
1029 818 1101 860 cum
1132 817 1206 860 eum
1237 818 1374 879 puerum

226 902 382 988 appellet,
405 903 477 968 ideo
498 903 600 967 videri
619 903 812 988 diminuere,
834 907 872 967 ut
890 903 941 967 sui
959 902 1063 988 ipsius
1082 902 1193 986 inopia
1212 925 1250 967 eo
1269 903 1374 967 maior

225 1011 370 1093 putanda
389 1010 441 1074 sit.
474 1009 561 1074 Nam
579 1011 614 1075 in
628 1010 775 1095 Odyssea
794 1033 868 1074 eum
882 1010 1028 1075 videmus
1043 1010 1109 1074 iam
1124 1014 1232 1074 aetate
1248 1010 1373 1075 florere.

315 1117 438 1193 Quodsi
462 1117 565 1202 igitur
589 1118 705 1182 tertiae
734 1117 892 1201 epistulae
921 1117 1082 1181 rationem
1111 1117 1403 1200 comparabimus

226 1224 441 1309 cumprime,
470 1224 622 1289 Ovidium
648 1224 684 1290 in
708 1224 843 1290 Homeri
871 1224 1068 1289 carminibus
1097 1224 1277 1290 tractandis
1306 1224 1373 1290 fere

225 1332 358 1395 eandem
377 1331 464 1395 viam
481 1336 628 1397 secutum
643 1353 713 1397 esse
729 1332 943 1415 inveniemus,
963 1354 1061 1414 quam
1076 1331 1192 1395 tertiae
1212 1332 1372 1414 epistulae

225 1442 405 1523 auctorem,
427 1440 492 1504 nisi
515 1440 601 1523 quod
624 1440 678 1504 hic
701 1440 806 1504 rarius
830 1439 871 1503 ab
892 1437 1068 1520 exemplari
1092 1459 1210 1522 graeco
1234 1439 1373 1521 recedat,
1412 1478 1415 1483 -

226 1567 322 1628 quam
345 1546 414 1631 ille3
441 1546 525 1611 unde
548 1547 626 1611 licet
651 1567 845 1632 cognoscere
870 1545 1003 1610 tertiam
1027 1544 1202 1627 epistulam
1226 1567 1373 1609 consum-

228 1653 398 1717 matiorem
421 1675 492 1718 esse
515 1657 612 1738 atque
636 1653 736 1718 etiam
760 1653 941 1738 digniorem
961 1650 1077 1716 Ovidio
1102 1674 1199 1735 quam
1223 1651 1372 1735 primam.

312 1759 436 1827 Earum
462 1759 647 1845 heroidum,
681 1783 761 1845 quas
795 1763 925 1825 constat
952 1759 1109 1844 genuinas
1141 1779 1224 1842 esse,
1258 1758 1373 1842 quinta

224 1888 351 1952 quoque
375 1867 409 1931 in
428 1871 621 1952 argumento
641 1871 790 1932 versatur
809 1867 849 1930 ad
867 1866 991 1931 bellum
1010 1865 1174 1930 troianum
1196 1869 1373 1948 spectante.

225 1971 287 2037 Sed
307 1973 433 2038 Paridis
453 1978 486 2038 et
506 1974 659 2040 Oenonae
684 1997 784 2059 amor,
808 1997 827 2037 a
851 1996 914 2057 quo
935 1972 1071 2038 Ovidius
1095 1972 1130 2035 in
1148 1972 1210 2035 hoc
1230 1973 1372 2036 carmine

223 2079 354 2144 initium
373 2080 460 2165 fecit,
480 2082 565 2166 apud
579 2081 759 2146 Homerum
777 2081 922 2146 nondum
942 2082 1225 2145 commemoratur.
1257 2077 1372 2163 ltaque

224 2187 342 2252 merito
365 2188 450 2253 hanc
473 2189 640 2283 heroidem
663 2190 726 2254 hoc
751 2189 823 2254 loco
848 2188 983 2253 missam
1007 2186 1178 2269 faciemus,
1205 2186 1238 2249 id
1266 2187 1372 2250 solum

223 2296 339 2359 addere
358 2294 471 2380 liceat,
494 2318 691 2381 quamquam
710 2318 777 2361 non
799 2296 896 2380 longe
917 2294 1005 2359 absit
1024 2292 1180 2376 suspicio,
1204 2292 1283 2377 quin
1299 2293 1373 2358 Ovi-

222 2401 293 2465 dius
321 2401 356 2464 in
379 2402 438 2465 illa
467 2402 608 2486 epistula
636 2403 859 2487 componenda
888 2424 1017 2468 carmen
1046 2401 1189 2486 epicum,
1217 2401 1302 2483 quod
1332 2403 1372 2466 τὰ

224 2509 344 2587 Κύπρια
367 2509 568 2593 inscribitur,
592 2514 721 2575 secutus
741 2510 794 2594 sit,
814 2513 925 2574 tamen
943 2509 1075 2573 minime
1095 2530 1167 2572 eam
1187 2508 1372 2574 confirmari

223 2612 264 2676 iis
279 2615 389 2706 rebus,
408 2615 600 2699 quaenobir
615 2615 729 2680 dehoc
745 2616 816 2699 ipso
832 2615 974 2680 carmine
994 2637 1067 2680 cum
1087 2637 1124 2678 ex
1145 2615 1217 2679 aliis
1237 2615 1372 2700 scripto·

225 2717 314 2782 ribus
330 2723 400 2784 tum
414 2720 549 2787 eProcli
563 2723 674 2787 libello
692 2722 928 2801 Χρηετομάθεια
942 2722 1102 2805 inscripto
1116 2722 1337 2786 innotuerunt.
1346 2719 1371 2808 ¹)

313 2822 421 2909 Atque
440 2850 559 2893 nomen
574 2828 727 2893 Oenonae
746 2829 888 2912 primum
908 2829 1049 2892 occurrit
1064 2829 1149 2912 apud
1166 2832 1280 2911 poetas
1300 2830 1371 2893 aevi

224 2930 435 3019 alexandrini,
460 2936 546 3000 sicut
569 2935 654 3019 apud
677 2934 815 3000 Bionem
839 2935 872 2998 Π
899 2937 954 3020 ]1;
977 2934 1086 3010 Quint.
1107 2934 1236 3019 Smyrn.
1257 2935 1287 2998 X
1307 2937 1371 3000 262

223 3041 349 3125 2-484,
382 3041 430 3106 ita
462 3047 500 3106 ut
528 3042 681 3108 Ovidium
713 3043 748 3106 in
778 3043 893 3126 quinta
921 3043 1055 3107 heroide
1088 3042 1370 3107 alexandrinorum

220 3150 391 3229 poetarum
416 3151 579 3215 aemulum
603 3150 769 3216 exstitisse
793 3151 861 3215 veri
886 3150 930 3214 sit
954 3149 1167 3214 simillimum.

310 3253 381 3318 Iam
405 3259 624 3339 quaerendum
646 3257 789 3342 ridetur,
817 3257 952 3322 Ovidius
976 3280 1027 3322 res
1052 3257 1085 3320 in
1114 3257 1214 3322 tertia
1239 3256 1370 3322 heroide

219 3361 420 3444 perscriptas
444 3385 522 3428 num
545 3387 685 3449 usquam
708 3365 900 3431 tractaverit
924 3371 957 3429 et
981 3366 1152 3448 quomodo.

310 3467 420 3553 Atque
448 3469 483 3533 in
509 3470 842 3556 metamorphosibus,
877 3472 995 3556 quibus
1029 3471 1175 3535 fabulam
1207 3472 1370 3536 troianam

221 3575 381 3640 contineri
403 3581 519 3643 notum
544 3583 607 3663 est,
635 3579 742 3643 obiter
766 3583 896 3644 tantum
919 3579 1111 3643 memoriam
1140 3578 1232 3642 inicit
1261 3579 1370 3642 simul·

220 3683 341 3768 tatum,
379 3706 458 3768 quas
490 3684 636 3750 Achilles
675 3709 748 3750 cum
783 3686 1032 3772 Agamemnone
1066 3687 1250 3768 exercebat,
1287 3685 1370 3748 XllI
1475 3691 1484 3694 “

220 3788 284 3851 442
300 3810 379 3874 sqq,
401 3791 458 3855 ubi
477 3791 617 3878 legimus
637 3793 675 3856 de
691 3792 831 3858 Achillis
850 3794 967 3857 umbra
986 3816 1025 3857 ex
1046 3793 1146 3857 humo
1166 3792 1370 3856 escendente:

356 3894 540 3982 ‘similisque
562 3901 699 3964 minant
1182 3901 1185 3908 ’

353 4007 498 4086 temporis
520 4007 608 4072 iltius
629 4007 747 4072 cultim
770 4007 920 4089 referebat
943 4007 1090 4086 Achilles,

351 4131 411 4193 quo
432 4115 518 4194 teras
541 4113 656 4177 iniusto
673 4115 778 4198 petiit,
801 4115 1037 4208 Apamemnono
1058 4111 1162 4194 serro'.

222 4215 436 4228 ———.....

310 4270 336 4338 1)
355 4267 395 4324 Ol.
422 4267 610 4324 Henrichsen:
643 4269 684 4324 De
710 4271 879 4326 carminibus
906 4271 1009 4341 cypriis
1042 4269 1207 4340 disputatio.
1237 4269 1368 4326 Hevuiee

219 4376 243 4412 a.
266 4363 333 4412 1828
352 4376 379 4428 p.
397 4365 429 4413 18
444 4377 503 4429 sqq.
528 4361 558 4412 et
576 4357 719 4414 Welckeri
742 4361 860 4430 librum,
889 4361 939 4430 qui
966 4359 1142 4415 inscribitur:
1171 4359 1226 4413 Der
1254 4360 1368 4430 epische

218 4446 323 4516 Cyklue
343 4449 410 4503 oder
428 4448 473 4502 die
493 4447 694 4505 Homerischen
713 4451 836 4506 Dichter.
874 4450 988 4504 Bonnae
1011 4455 1079 4506 1835
1098 4469 1125 4520 p.
1141 4457 1193 4503 300
1209 4467 1269 4517 sqq.

1138 4547 1154 4594 ὃ
