3346 4934
771 305 988 368 ..36-

309 462 395 546 fore,
423 468 460 525 ut
487 485 666 546 pronomen
690 463 772 529 ‘ille’
802 469 853 528 ter
875 465 1021 548 positum
1045 465 1164 529 mirum
1187 465 1221 528 in
1245 466 1377 529 modum
1401 487 1451 530 ex-

308 569 470 651 ciperetur
494 592 512 634 a
536 571 726 654 pronomine
751 570 838 636 ‘ciet

844 751 912 829 §a

394 870 520 955 Restat,
539 875 579 950 ut,
597 875 747 955 quartam
762 871 921 936 decimam
940 859 1114 956 epistulam
1133 873 1168 937 in
1186 873 1341 938 iudicium
1360 896 1450 939 voce-

306 998 387 1061 mus,
410 977 695 1061 Hypermestrae¹)
724 1001 742 1042 a
765 982 864 1062 poeta
887 979 1059 1064 tributam,
1089 1003 1187 1063 quam
1211 979 1366 1044 Irshrsius
1390 981 1409 1044 l.
1429 981 1450 1044 l.

303 1107 333 1166 p.
353 1082 466 1148 CCXL
490 1085 610 1148 bonam
634 1106 703 1149 esse
723 1085 814 1169 dixit,
838 1085 865 1150 si
885 1108 957 1150 eam
977 1087 1215 1170 comparaveris
1240 1109 1313 1150 cum
1332 1087 1449 1150 ceteris

303 1189 505 1276 heroidibus3
535 1195 568 1254 et
595 1213 698 1274 usque
726 1191 767 1254 ad
794 1207 923 1256 versum
943 1193 985 1256 84
1010 1194 1214 1276 aequabilem
1243 1197 1340 1277 atque
1370 1197 1449 1257 tem-

303 1300 459 1378 peratam.
505 1294 620 1381 Itaque
643 1296 727 1360 hanc
750 1301 877 1380 partem
901 1299 1078 1383 separatim
1102 1303 1288 1363 tractemus.

393 1400 505 1467 Salute
529 1425 557 1466 v.
578 1405 606 1467 1.
631 1404 651 1466 2
674 1403 854 1485 praemissa
881 1403 1118 1487 Hypermestra
1141 1404 1306 1489 Lynceum
1335 1407 1449 1471 certio-

303 1533 371 1575 rem
395 1510 489 1594 facit,
514 1531 550 1573 se
579 1509 724 1573 domiin
749 1510 872 1574 catenis
901 1510 1020 1595 teneri,
1049 1511 1125 1594 quia
1152 1512 1276 1576 nefario
1300 1535 1449 1577 sororum

303 1617 422 1682 scelere
447 1617 641 1680 abstinuerit
665 1615 707 1698 (v.
727 1613 838 1702 3-6).
887 1614 949 1680 Sed
971 1617 1076 1681 nihilo
1101 1617 1208 1682 miuus
1232 1617 1272 1682 ad
1295 1618 1447 1683 ultimum

303 1728 444 1788 testatur
463 1723 658 1807 supplicium
679 1745 713 1786 se
735 1723 888 1807 progredi
907 1723 1013 1807 malle,
1038 1747 1134 1808 quam
1154 1747 1187 1788 se
1207 1746 1356 1808 peccasse
1376 1747 1449 1790 con-

303 1831 414 1894 cedere
439 1832 481 1911 (v.
502 1827 633 1915 7-16).
679 1827 770 1892 Adeo
795 1829 881 1893 enirn
910 1851 943 1894 se
971 1829 1097 1894 facinus
1121 1831 1202 1895 illud
1226 1832 1382 1915 aversari,
1411 1836 1448 1895 ut

302 1937 409 2001 caedis
437 1937 593 2001 memoria
621 1939 772 2000 revocata
800 1936 904 1999 adhuc
932 1939 1004 1999 tota
1032 1940 1141 2000 mente
1170 1941 1267 2020 atque
1296 1938 1447 2002 omnibus

302 2045 438 2108 artubus
477 2043 715 2107 contremiscat.
777 2041 931 2118 Quamvis
964 2042 1067 2128 igitur
1100 2043 1262 2107 horrenda
1298 2044 1364 2108 sint
1400 2067 1446 2109 re·

301 2151 385 2236 latu,
414 2154 525 2214 tamen
553 2172 622 2214 sese
646 2149 756 2214 omnia
783 2149 933 2232 deinceps
956 2153 1163 2213 narraturam
1187 2171 1257 2234 esse
1281 2151 1447 2234 promittit

301 2256 344 2338 (v.
367 2254 519 2341 17-21).
561 2255 655 2320 Hanc
679 2259 789 2320 autern
812 2255 1043 2340 narrationem,
1067 2278 1148 2339 quae
1171 2257 1356 2321 continetur
1379 2281 1446 2323 ver-

301 2365 391 2428 sibus
414 2364 547 2428 22—84
575 2385 648 2426 cum
676 2366 748 2426 toto
776 2361 905 2426 fabulae
930 2366 1123 2446 argumento
1148 2363 1239 2427 valde
1268 2385 1443 2449 congruere

245 2485 251 2492 '
299 2471 507 2555 perspicuum
534 2469 573 2533 fit
600 2469 747 2533 versibus
769 2470 808 2532 77
825 2491 905 2554 sqq,
927 2468 984 2534 ubi
1007 2467 1173 2553 Lynceum
1196 2471 1372 2556 perexiguo
1404 2471 1443 2536 ad

300 2576 490 2661 fugiendum
514 2576 620 2659 spatio
645 2575 758 2639 relicto
782 2576 820 2640 de
845 2575 957 2639 multis
981 2576 1078 2639 rebus
1101 2597 1171 2640 esse
1196 2577 1336 2640 celatum
1361 2599 1443 2641 com-

298 2705 450 2767 perimus.
604 2755 606 2760 ,

387 2789 427 2854 In
453 2789 515 2854 hac
542 2788 704 2874 particula
727 2787 882 2853 Lehrsius
911 2788 1175 2873 circumscriptos
1198 2789 1303 2853 voluit
1332 2811 1443 2855 versus

298 2898 442 2963 59—62:

431 3020 475 3087 ‘si
497 3041 610 3084 macas
631 3020 704 3084 haec
725 3021 866 3100 aliquam
885 3013 986 3102 posset
1007 3020 1190 3084 committere
1211 3021 1340 3104 caedem,

430 3132 526 3190 1110116
545 3128 625 3207 foret
646 3127 787 3190 dominae
809 3126 1049 3208 scupetuuleuta
1072 3146 1155 3191 scae.

430 3238 487 3297 aut
508 3253 643 3297 manere
664 3233 942 3315 uecempotruelr'a
963 3254 1059 3315 repca
1083 3235 1217 3316 tenendo,

429 3361 508 3422 qaae
531 3345 632 3404 tamen
656 3340 788 3404 abac
810 3341 916 3405 danda
937 3340 1040 3420 foreat
1058 3339 1216 3421 pencris?

386 3480 525 3547 Causam
553 3502 619 3546 non
647 3481 770 3545 addidit
798 3482 848 3546 vir
876 3482 1075 3546 clarissimus
1102 3504 1206 3565 neque
1236 3485 1347 3564 potest
1374 3482 1441 3546 ulla

296 3589 412 3652 idonea
434 3589 591 3674 indagari.
629 3587 715 3653 Nam
735 3589 915 3653 rectissime
934 3589 1204 3673 Hypermestram
1221 3586 1274 3652 his
1293 3588 1440 3652 versibus

295 3695 441 3760 videmus
465 3695 677 3779 considerare,
704 3699 859 3778 quantam
883 3695 1036 3759 iniuriam
1059 3695 1129 3760 viro
1152 3697 1268 3760 necato
1292 3695 1441 3759 commis-

295 3825 371 3866 sura
395 3802 446 3866 sit.
492 3801 685 3881 Extremum
714 3806 822 3866 autern
851 3823 979 3866 versum
1007 3803 1041 3866 in
1070 3802 1194 3885 optimo
1219 3801 1329 3867 codice
1356 3802 1440 3886 pari-

295 3910 365 3974 sino
395 3909 551 3974 excidisse
579 3909 701 3974 nullius
730 3913 780 3973 est
811 3909 977 3973 momenti.
1028 3907 1161 3973 Etenim
1189 3907 1356 3974 Petersius
1379 3909 1398 3971 l.
1418 3907 1438 3970 l.

293 4037 323 4098 p.
342 4015 386 4080 45
401 4038 471 4099 sqq.
495 4016 570 4080 illos
589 4038 696 4080 errare
718 4016 900 4080 luculenter
919 4015 1164 4102 demonstravit,
1188 4015 1244 4099 qui
1266 4015 1327 4079 hac
1346 4015 1380 4078 in
1403 4035 1437 4076 re

294 4144 365 4186 eam
387 4145 537 4186 normam
561 4125 722 4206 statuant,
752 4127 789 4186 ut
813 4122 975 4186 adunam
1000 4143 1110 4186 omnes
1134 4143 1260 4203 versus,
1289 4121 1344 4203 qui
1371 4141 1438 4183 non

294 4229 360 4292 sint
383 4229 418 4293 in
441 4229 606 4294 codicibus
630 4227 773 4293 melioris
797 4232 903 4306 notae,
928 4228 1059 4293 omnino
1083 4227 1261 4292 deleantur.

384 4425 409 4490 1)
428 4422 507 4476 Hanc
525 4418 643 4473 formam
661 4419 766 4486 ubique
785 4399 900 4474 exhibet
918 4421 1041 4489 optimus
1060 4420 1146 4476 codex
1165 4418 1312 4490 parisinus.
