3346 4934
703 343 921 406 --19-

783 554 843 619 III.

328 682 438 766 Atque
462 684 500 745 ut
522 680 602 745 haec
626 683 698 743 tota
720 701 772 744 res
797 678 913 743 melius
942 678 1145 764 diiudicetur,
1176 701 1293 762 operae
1316 701 1386 763 pre-

239 789 322 854 tium
342 791 401 873 est,
420 787 525 871 initio,
545 807 704 869 quaenam
724 786 768 850 sit
787 785 919 851 illorum
934 785 1114 850 carminum
1133 786 1262 851 interna
1280 786 1386 851 forma

239 900 337 979 atque
361 894 495 980 species,
518 914 722 979 cognoscere.

779 968 906 1116 111

327 1161 557 1244 Exordiamur,
580 1159 607 1223 si
630 1159 746 1242 placet,
770 1180 789 1221 a
812 1157 913 1222 tertia
936 1157 1087 1243 epistula,
1112 1180 1209 1241 quam
1232 1163 1348 1224 auctor
1367 1181 1386 1222 1
1492 1182 1495 1190 ¹

239 1267 386 1332 Briseide
409 1269 449 1332 ad
468 1266 631 1332 Achillem
654 1288 720 1330 non
743 1265 792 1330 ita
815 1265 920 1330 multo
949 1270 1025 1350 post
1049 1266 1158 1329 datam
1187 1286 1258 1330 esse
1282 1265 1386 1350 finxit,

241 1395 338 1457 quam
358 1372 474 1440 Graeci
497 1374 622 1438 frustra
640 1372 799 1436 miserunt
823 1373 961 1458 legatos,
985 1373 1040 1456 qui
1060 1371 1191 1437 Pelidae
1214 1372 1297 1436 iram
1320 1373 1387 1456 pla·

241 1479 391 1567 carent1).
437 1481 465 1545 Ε
492 1503 555 1564 qua
578 1477 733 1544 Lehrsius
758 1478 776 1543 ὁ
800 1479 840 1542 τὰ
862 1479 994 1557 ἀκίνητα
1017 1482 1143 1559 κινήεα(
1172 1483 1295 1543 certam
1318 1503 1387 1544 ver-

241 1609 335 1652 suum
359 1588 479 1652 exemit
498 1587 734 1669 collectionem,
759 1607 857 1668 quam
876 1582 991 1650 Ovidio
1010 1585 1138 1650 videtur
1162 1586 1316 1650 tribuisse
1335 1588 1387 1652 vel

241 1694 297 1758 alii
321 1697 437 1777 poetae
461 1690 682 1777 antiquiorill.
728 1691 842 1775 Neque
866 1713 952 1775 vero,
975 1696 1013 1756 ut
1037 1692 1232 1775 compositio
1256 1692 1387 1776 penitus

238 1794 470 1884 perspiciatur,
499 1799 583 1884 elegi
612 1794 842 1884 argumentum
871 1798 1014 1863 breviter
1043 1820 1215 1884 exponere,
1245 1799 1388 1864 alienum

240 1908 302 1972 erit
326 1929 346 1972 1
368 1907 546 1992 proposito.

327 2012 425 2078 Brevi
450 2013 618 2097 prooemio
643 2035 692 2077 vv.
715 2013 799 2077 1—6
829 2014 1009 2096 praemisso
1033 2011 1156 2076 Briseis
1179 2012 1388 2078 vehementer

242 2119 344 2206 obicit
371 2119 508 2204 Achilli,
540 2119 627 2202 quod
656 2140 704 2203 se,
732 2119 892 2202 siquidem
919 2118 1160 2204 Agamemnoni
1190 2118 1388 2204 tradidisset,

239 2226 384 2289 nondum
402 2225 577 2309 repetisset
596 2223 638 2310 (v.
659 2222 792 2312 7—24).
829 2225 920 2290 Adeo
942 2230 1052 2290 autem
1072 2247 1146 2290 eum
1166 2247 1205 2288 ex
1228 2226 1387 2292 desiderio

241 2331 291 2395 sui
318 2354 384 2396 non
411 2332 575 2416 laborare,
603 2336 641 2396 ut
668 2354 771 2416 nuper
799 2354 833 2396 se
861 2355 926 2396 una
954 2354 1028 2397 curn
1056 2332 1169 2396 multis
1200 2335 1233 2396 et
1261 2333 1387 2397 eximiis

121 2469 123 2472 ·
239 2439 333 2503 donis
358 2461 377 2502 a
400 2459 476 2524 rege
501 2439 646 2504 oblatam
669 2439 812 2523 recipere
837 2443 993 2524 gravatus
1018 2439 1062 2503 sit
1086 2437 1127 2524 (v.
1147 2437 1308 2525 25-42);
1333 2440 1388 2504 sed

240 2545 268 2608 si
284 2567 317 2609 11
333 2545 470 2629 deserat,
488 2546 587 2611 nimis
606 2545 672 2610 iam
692 2545 856 2610 adflictam
876 2545 910 2609 in
929 2567 1073 2610 summas
1088 2537 1297 2610 detrusurum
1317 2569 1388 2611 esse

240 2651 389 2716 miserias
414 2649 456 2730 (v.
475 2643 632 2734 43-56).
680 2650 766 2726 Quin
790 2652 891 2715 etiam
914 2652 1037 2716 famam
1061 2652 1256 2736 divulgasse,
1278 2650 1388 2717 Achil·

240 2756 305 2820 lem
335 2756 523 2841 propediem
551 2756 683 2820 domurn
713 2777 783 2820 esse
812 2750 998 2822 rediturum
1016 2757 1057 2842 (v.
1078 2755 1234 2844 57-60).
1282 2757 1388 2834 Quare

241 2866 313 2926 orat
341 2866 439 2947 atque
467 2866 564 2947 rogat
592 2884 680 2946 eum,
711 2866 749 2926 ut
777 2885 810 2927 se
840 2885 950 2928 secum
979 2863 1097 2928 avehat
1125 2864 1153 2927 si
1181 2886 1248 2928 non
1277 2865 1387 2930 uxoris

240 2973 350 3034 tamen
373 2991 484 3034 servae
507 2969 639 3034 nomine
658 2969 867 3034 fidelissimae
887 2968 930 3056 (v.
946 2966 1102 3056 61-82).
1140 2969 1170 3035 A
1206 2993 1279 3036 cum
1298 2972 1389 3036 nulla

239 3077 306 3141 iam
334 3077 379 3141 111
401 3099 521 3161 causa,
550 3099 607 3142 cur
635 3076 756 3141 diutius
786 3082 973 3142 succenseat
1003 3076 1151 3164 Graecis,
1184 3078 1303 3162 quippe
1332 3079 1388 3162 qui

240 3204 373 3267 operam
396 3183 575 3269 dedissent,
602 3187 640 3248 ut
668 3183 698 3247 ei
726 3182 968 3271 satisfacerent,
996 3207 1070 3250 cum
1098 3185 1164 3250 illis
1188 3185 1223 3249 in
1247 3186 1388 3272 gratiam
1447 3237 1451 3242 .

241 3289 361 3353 rediret
385 3286 430 3376 (v.
449 3289 605 3377 83-90).

329 3394 394 3458 Hie
416 3395 482 3460 iam
507 3397 739 3482 subsistamus,
769 3398 797 3462 si
825 3399 946 3483 placet,
976 3422 1053 3464 111111
1081 3423 1133 3485 11,
1161 3422 1244 3484 quae
1273 3400 1387 3464 statim

243 3506 432 3587 sequuntur,
454 3501 610 3569 Lehrsius
630 3505 698 3570 sine
717 3505 785 3569 ulla
808 3506 997 3590 exceptione
1020 3506 1167 3591 mirifica,
1190 3508 1311 3594 inepta,
1335 3507 1388 3571 ab·

240 3609 338 3673 surda
361 3630 431 3673 esse
455 3609 545 3675 dixit.
584 3607 646 3674 Sed
669 3611 703 3675 in
722 3633 759 3674 ea
778 3633 907 3696 quoque
930 3616 1033 3697 parte,
1057 3634 1155 3696 quam
1175 3613 1279 3678 adhuc
1298 3635 1388 3678 enar-

240 3715 398 3800 ravimus,
425 3713 572 3780 'disticha
603 3717 761 3782 nonnulla
798 3719 900 3783 eicere
933 3717 1046 3783 voluit.
1103 3719 1249 3795 Quorum
1282 3720 1388 3804 prima

240 3823 449 3888 continentur
479 3823 627 3890 versibus
648 3825 779 3892 17-20
812 3824 878 3890 iam
909 3829 1005 3890 antea
1036 3825 1077 3890 ab
1106 3824 1216 3892 Arone
1248 3828 1387 3911 quodam

238 3928 392 3995 Battaleo
417 3929 627 4018 suspectis³):

241 4047 455 4058 *—

331 4107 357 4176 1)
377 4104 417 4160 ef.
436 4123 462 4160 1.
478 4111 512 4161 25
527 4123 587 4175 sqq.

328 4197 356 4266 1)
376 4195 417 4250 of.
436 4194 538 4250 Horati
557 4195 624 4251 edit.
642 4213 670 4265 p.
687 4194 850 4251 CCXXXIII
864 4213 924 4266 sqq.

328 4283 679 4355 aerumnosam.
716 4285 846 4342 Ceterum
864 4286 982 4340 ulterius
1005 4288 1155 4354 provectus
1175 4286 1218 4339 est
1235 4285 1387 4356 Petersius,

241 4372 325 4440 quil.
345 4373 363 4430 1.
382 4380 460 4443 1111
485 4373 626 4445 duplicem
653 4373 681 4428 in
705 4374 741 4431 iis
763 4374 891 4462 vepsibus
915 4374 969 4428 sibi
994 4375 1069 4429 visus
1096 4375 1141 4428 est
1168 4375 1387 4445 deprehendisse

240 4461 502 4532 interpolationem
522 4464 579 4519 vid.
598 4463 725 4519 Ehwald.
745 4464 824 4519 Burs.
844 4465 947 4520 annass.
967 4463 1058 4518 XXXI
1075 4481 1102 4532 p.
1120 4469 1178 4520 174.

1139 4553 1173 4606 2*
