3326 4930
731 1159 910 1234 VITA.

333 1463 472 1528 Ioannes
495 1462 658 1527 Tolkiehn
680 1464 777 1525 natus
791 1481 874 1524 sum
898 1459 948 1524 die
968 1458 1096 1523 XXVII
1120 1461 1240 1525 mensis
1259 1459 1393 1525 Decem-

244 1570 313 1635 bris
347 1593 373 1634 a.
397 1570 428 1634 h.
453 1592 476 1633 s.
500 1567 599 1633 LXV.
628 1568 819 1654 Regimonti
852 1566 1071 1631 Borussorum
1104 1570 1199 1650 patre
1232 1565 1395 1652 August0,

246 1680 350 1740 matre
370 1675 515 1741 Mulvius
534 1699 550 1740 e
570 1680 667 1761 gente
686 1675 822 1758 Bender,
841 1696 922 1758 quos
942 1673 1047 1738 adhue
1066 1673 1157 1738 vivos
1177 1674 1258 1739 eolo.
1279 1673 1394 1739 Fidem

243 1783 402 1866 profiteor
425 1783 654 1868 evangelicum.
688 1781 751 1845 Per
773 1803 892 1847 novem
915 1803 1017 1845 annos
1037 1780 1242 1865 frequentavi
1261 1802 1394 1866 gymna-

243 1889 328 1954 sium
348 1889 621 1975 regImontanum,
641 1889 693 1954 cui
713 1890 838 1954 celebre
858 1910 978 1954 nomen
997 1892 1047 1952 est
1066 1886 1265 1974 ‘Collegium
1283 1887 1394 1953 Fride·

243 1994 427 2080 ricianum',
459 1996 516 2062 ubi
546 2001 702 2061 autumno
731 1996 808 2062 amni
836 1993 1162 2062 MDOOCLXXXIII
1191 1995 1393 2060 maturitatis

244 2100 470 2165 testimonium
494 2104 630 2186 adeptus
654 2125 735 2167 sum.
768 2103 831 2166 Per
855 2103 965 2167 decem
989 2102 1056 2166 fere
1080 2102 1252 2167 semestris
1276 2103 1392 2167 studiis

243 2206 452 2292 philologieis
481 2229 614 2291 operam
641 2209 767 2273 nsvuvi.
814 2207 941 2274 Sodali·
974 2209 1022 2274 fui
1055 2208 1282 2293 proseminarii
1311 2209 1393 2295 regii

242 2337 301 2399 per
328 2336 429 2377 unum
458 2317 628 2398 semestre,
655 2337 713 2400 per
741 2316 882 2400 quinque
912 2315 1083 2381 semestria
1112 2316 1278 2381 seminarii
1301 2316 1392 2402 regii.

244 2421 365 2487 Audivi
388 2420 476 2486 viros
499 2419 765 2487 inlustrissimos:

332 2515 447 2612 Dehi0,
457 2526 635 2612 Erdmamr,
647 2526 882 2614 Friedlaender,
892 2529 1089 2618 Hirschfeld,
1098 2530 1189 2618 Jeep,
1198 2531 1324 2597 Jordan
1333 2529 1392 2619 (†),

244 2633 409 2720 Ludwieh,
432 2633 549 2717 Ruehl,
574 2632 708 2720 Schade,
733 2634 888 2721 Schoene,
914 2635 1085 2722 Schubert,
1108 2638 1229 2723 Thiele,
1253 2639 1391 2703 Walter.

334 2740 460 2817 Quibus
480 2741 631 2806 omnibus
656 2743 694 2806 de
718 2765 769 2807 me
794 2742 920 2807 meritis
940 2743 1064 2828 gratias
1089 2766 1151 2830 ago
1177 2767 1274 2829 quam
1294 2745 1392 2810 maxi-

244 2869 314 2911 mas
338 2870 528 2934 semperque
552 2870 657 2935 agam.
956 2861 957 2866 ’

331 2954 488 3040 Examen,
502 2955 589 3040 quod
608 2961 736 3043 vocant,
750 2957 936 3044 rIgorosum
956 2958 1082 3023 absolvi
1101 2958 1152 3024 die
1167 2957 1256 3024 XIV.
1271 2959 1391 3024 mensis

243 3060 339 3127 Iunii.
