3346 4934
706 307 927 371 -53-

330 467 489 532 Versibus
513 468 660 532 92-97:

375 583 529 675 εοοίαἰιριέ
549 591 678 678 Oenides
700 611 806 656 corsus
828 593 863 655 ιἰι
885 612 978 655 orma
996 612 1086 672 prece
1108 597 1164 657 cst.

375 745 809 763 .........
860 697 1014 778 fratribus
1036 698 1111 762 orbo

374 807 491 872 dccmrd
507 807 576 870 noti
598 825 738 888 spemque
760 809 909 886 caputque
926 825 1051 887 porcas.

372 915 484 980 bellum
507 917 589 977 crat:
613 913 665 977 illc
685 913 774 992 feroc
791 912 904 996 positis
926 913 1045 977 secessit
1062 912 1101 977 ot
1124 914 1223 977 ermis

372 1025 401 1085 et
416 1021 542 1103 patriae
564 1020 668 1103 cipido
689 1023 788 1084 mente
809 1019 931 1102 depavit
952 1039 1052 1104 ηραν,

372 1129 439 1192 solo
457 1128 559 1191 αι’νιιιν
581 1128 716 1192 ccciccc
738 1125 851 1207 flecit'.

238 1236 340 1300 habes
359 1235 537 1319 epitomum
556 1256 674 1319 rerum,
693 1256 775 1322 quae
795 1233 836 1297 ab
855 1232 1000 1325 Homero
1021 1236 1028 1298 l
1049 1233 1225 1298 529-599
1242 1232 1388 1297 oratione

240 1341 443 1426 amplissima
461 1344 646 1405 narrantur.

327 1448 451 1514 Versus
477 1448 540 1513 113
565 1443 631 1532 sq.:'

826 1534 898 1600 ‘tcta'
914 1536 1034 1618 plectro
1056 1539 1228 1618 moventur,

373 1649 400 1708 tc
422 1648 500 1708 tenet
521 1643 556 1707 icc
580 1643 678 1725 lepide
701 1642 803 1707 mollis
825 1643 929 1708 amica
950 1641 1043 1707 sinc’.
1076 1718 1078 1722 .
1207 1653 1212 1658 '

238 1767 402 1852 desumpti
426 1771 504 1831 sunt
526 1789 565 1831 ex
588 1765 684 1830 Hom.
706 1769 712 1832 l
735 1767 798 1832 186
814 1789 898 1850 sqq.:

370 1876 428 1940 τὸν
452 1872 485 1938 δ’
508 1873 605 1953 εὗρον
629 1874 733 1952 φρένα
757 1873 959 1953 τερπόμενον
982 1873 1134 1953 φόρμιγγι
1158 1873 1267 1957 λιγείῃ.

370 2060 408 2138 τῇ
432 2051 489 2128 ὅγε
513 2053 614 2131 θυμὸν
638 2051 782 2134 ἔτερπεν,
805 2050 892 2116 ἄειδε
916 2050 949 2115 δ’
972 2049 1034 2131 ἄρα
1057 2053 1135 2116 κλέα
1158 2049 1294 2130 ἀνδρῶν.

238 2177 294 2239 ubi
317 2175 480 2241 Achillem
504 2198 621 2241 vocum
649 2179 683 2240 et
707 2175 822 2240 fidium
845 2179 942 2240 cantu
967 2175 1071 2241 otium
1096 2176 1277 2241 oblectasse
1300 2199 1385 2242 com-

237 2283 394 2368 perimus,
417 2286 450 2347 et
474 2306 512 2347 ex
536 2282 680 2347 eiusdem
703 2283 780 2348 libri
803 2283 951 2348 versibus
980 2283 1041 2348 164
1065 2304 1126 2366 sq.:

369 2412 415 2492 τῷ
439 2407 473 2471 δ’
491 2406 814 2487 ἄραπαρκατέλεκτο
837 2410 932 2488 γυνή,
957 2410 1015 2488 τήν
1039 2407 1196 2488 Λεεβόθεν
1219 2408 1310 2491 ἦγεν,

369 2514 555 2596 Φόρβαντοι
579 2513 728 2594 θυγάτηρ,
753 2517 899 2595 Διομήδη
923 2515 1148 2600 καλλιπάρῃος.

236 2639 292 2702 ubi
324 2639 433 2722 ipsum
460 2660 580 2704 nomen
607 2639 714 2704 editur
741 2639 883 2725 puellae,
915 2662 997 2723 quae
1027 2640 1062 2704 in
1088 2639 1246 2705 Briseidis
1273 2640 1384 2706 locum

237 2748 446 2810 successerat.
487 2744 635 2828 Denique
659 2768 755 2811 versu
781 2748 842 2810 147
861 2768 922 2830 sq.:
1090 2725 1099 2754 ⁸

372 2850 436 2916 ‘me
450 2856 540 2936 petat
562 2852 613 2917 illc
636 2857 719 2935 toas,
742 2855 797 2935 qui
818 2855 847 2918 αι’
869 2855 926 2918 deo
942 2873 1043 2936 passo
1063 2854 1186 2938 fecisset,

368 2961 450 3024 αιείς
472 2961 507 3024 ia
530 2958 663 3023 Atridae
679 2963 786 3041 peetus
809 2960 928 3025 loturos
950 2960 1042 3026 erat'.
1097 2973 1108 2994 ²

236 3083 371 3168 respicit
389 3088 487 3168 poeta
506 3083 546 3148 ad
565 3087 681 3148 notum
699 3081 794 3149 illum
812 3084 921 3150 locum
940 3087 964 3149 Α
981 3085 1044 3149 193
1059 3107 1139 3169 sqq.,
1158 3107 1222 3168 quo
1236 3085 1383 3151 Achilles

236 3212 255 3254 a
278 3190 424 3254 Minerva
447 3189 501 3255 vix
528 3189 720 3275 impeditur,
747 3191 921 3274 quominus
951 3191 1068 3257 stricto
1098 3191 1207 3277 gladio
1236 3193 1270 3256 in
1297 3192 1383 3277 Aga-

237 3318 440 3361 memnonem
463 3297 605 3361 invadat.

324 3401 395 3466 Hae
431 3403 621 3487 potissimae
655 3408 732 3469 sunt
763 3404 899 3469 Homeri
933 3405 1135 3470 imitationes
1173 3409 1207 3469 et
1243 3405 1382 3470 maxime

235 3509 407 3574 notabiles.
445 3507 612 3575 Nonnulla
635 3511 736 3577 etiam
760 3512 938 3596 supplenda
959 3516 1044 3577 sunt.
1083 3511 1137 3578 Sic
1156 3514 1383 3597 Agamemnon

235 3639 264 3681 ν.
281 3617 344 3681 109
364 3615 559 3701 Mycenaeus
583 3618 767 3702 appellatur
791 3641 829 3684 ex
853 3618 961 3684 animo
980 3619 1126 3703 Homeri,
1145 3620 1201 3702 qui
1220 3641 1294 3683 eum
1314 3619 1382 3704 My-

235 3722 323 3788 cenis
356 3745 510 3808 regnasse
537 3722 668 3810 ¹dicit‚¹)
701 3747 775 3790 cum
807 3725 989 3812 Aeschylus
1022 3727 1119 3812 Argis
1149 3725 1241 3812 illius
1274 3726 1381 3790 sedem

234 3829 335 3895 fuisse
369 3831 486 3895 tradat.
532 3829 644 3896 Etiam
677 3832 754 3916 quid
786 3832 850 3897 sibi
878 3833 958 3898 velit
986 3857 1014 3898 v.
1036 3834 1099 3898 126
1128 3833 1239 3916 ‘pelias
1266 3832 1381 3916 toslo',

234 3936 389 4002 discimus
413 3958 452 4001 ex
470 3936 567 4003 Hom.
586 3939 619 4003 Π
636 3939 700 4004 142
719 3960 797 4023 sqq„
820 3939 877 4003 ubi
900 3962 920 4003 a
937 3938 1029 4006 Pelio
1053 3944 1164 4006 monte
1184 3961 1255 4004 eam
1275 3939 1381 4004 oriun-

234 4042 308 4108 dam
330 4043 431 4108 firisse
455 4043 606 4128 legimus:

246 4209 249 4212 .
367 4151 517 4228 Πηλιάδα
540 4152 664 4235 μελίην,
688 4155 747 4232 τὴν
770 4155 865 4233 πατρὶ
888 4155 975 4238 φίλῳ
999 4153 1080 4233 πόρε
1106 4153 1228 4232 Χείρων

366 4256 493 4335 Πηλίου
517 4259 552 4322 ἐκ
575 4264 726 4339 κορυφῆι.

234 4380 445 4390 ——--—.

324 4433 349 4498 1)
369 4430 409 4486 cf.
430 4433 450 4486 ιι
473 4438 529 4488 ιοο,
561 4434 643 4488 Aac,
672 4451 690 4500 γ
709 4439 769 4490 scs.
