3346 4934
703 282 923 348 „47-

328 442 359 508 V
384 443 461 508 133:

374 550 425 615 ‘at
445 555 548 615 ruauet
571 549 691 614 Oeuoue
712 550 836 629 fallenti
859 553 943 613 easta
966 548 1099 614 marito?

331 658 393 722 157
414 679 475 741 sq.:

324 755 327 764 ¹
375 763 445 829 ‘sed
467 770 521 828 tua
543 784 627 846 aem,
650 768 803 844 tecumque
823 763 875 842 fui
891 762 1066 843 puerilibus
1087 765 1187 826 auuis'

376 876 405 935 et
426 876 493 947 tua,
517 872 599 952 quod
619 874 755 952 superest
778 870 933 950 temporis,
956 888 1018 934 esse
1034 867 1165 952 precor?

329 995 380 1060 III
406 995 594 1060 103—110:

374 1101 443 1184 ‘per
467 1106 568 1166 tarueu
591 1121 660 1167 ossa
682 1101 745 1165 oiri
766 1100 865 1166 subito
888 1101 970 1165 uate
992 1105 1068 1164 teoto
1090 1100 1226 1182 sepulero

369 1547 483 1609 perque
506 1532 593 1591 tuuru
615 1532 813 1607 uostrumque
835 1531 935 1609 eaput,
959 1545 1036 1606 quae
1059 1526 1219 1591 iuuuiruus
1241 1547 1315 1610 aaa,

371 1654 485 1715 perque
508 1638 574 1696 tuos
597 1652 689 1710 euseb,
713 1632 835 1714 ooquita
858 1632 918 1695 tela
940 1633 1033 1696 meio:

376 1739 466 1804 uulla
490 1737 695 1820 Mycenaeum
717 1718 848 1802 sboiaose
870 1738 984 1802 rubilia
1007 1758 1123 1802 maura

372 1847 451 1911 iuro.
473 1846 633 1925 salleutem
656 1845 822 1909 dueum
843 1841 940 1908 oelu’.

330 1969 411 2033 VIII
437 1969 626 2034 117-122:

374 2076 444 2157 ‘per
463 2095 561 2158 qeuris
583 2075 692 2155 iufetia
714 2077 784 2139 iuro
804 2076 981 2157 potiorisque
998 2080 1174 2158 pareuteru,

370 2310 427 2371 per
443 2289 549 2372 patris
572 2308 642 2354 ossa
665 2290 721 2370 tui,
738 2290 852 2371 patrui
874 2288 959 2371 mibi,
982 2308 1060 2368 quae
1083 2288 1139 2352 tibi
1160 2287 1277 2370 debent,

374 2397 456 2477 quod
475 2397 520 2460 sie
541 2395 597 2460 sub
621 2395 737 2460 amulo
759 2396 881 2475 fortiter
903 2395 972 2459 utto
994 2394 1104 2458 iaoerd
1141 2411 1146 2420 ·

371 2507 428 2566 aut
449 2523 501 2585 eqo
522 2503 725 2586 praemorior,
743 2503 905 2583 primoque
927 2502 1093 2583 deliuquar
1114 2501 1149 2566 iu
1171 2521 1257 2578 aevo,

372 2614 428 2672 out
449 2629 501 2690 eqo
526 2609 711 2673 Tantalidae
736 2607 879 2673 Tantalis
901 2628 980 2672 uuor
1002 2605 1078 2672 ero'.

329 2728 410 2793 XIII
437 2731 625 2794 159-164:

374 2836 443 2920 ‘per
465 2838 581 2901 reditus
602 2856 769 2917 corpusque
792 2847 888 2920 tuum,
911 2857 979 2901 ruea
1001 2838 1149 2920 uuiuiua,
1171 2839 1241 2901 iuro

368 2964 483 3026 perque
501 2962 595 3024 pares
618 2943 720 3007 auimi
742 2942 935 3024 eouiuqiique
955 2943 1038 3023 faoes

366 3071 491 3133 perque,
512 3051 595 3132 quod
616 3053 653 3113 ut
673 3049 794 3113 uideam
817 3050 905 3114 cauis
927 3049 1027 3114 albere
1049 3050 1185 3132 capitib,

371 3159 453 3240 quod
474 3162 570 3221 terum
588 3157 691 3238 possis
714 3157 778 3238 ipse
800 3157 928 3238 referre,
950 3161 1054 3239 eaput,

372 3283 419 3326 me
441 3263 497 3327 tibi
518 3266 681 3328 venturam
704 3264 855 3341 comitem,
878 3283 1064 3346 qaoouruque
1085 3264 1217 3344 vocaris,

372 3369 434 3432 sive
456 3403 499 3415 —
521 3371 603 3450 quod
624 3368 682 3432 beu
706 3370 807 3451 timeo,
831 3372 893 3435 sioe
915 3375 1065 3452 superstes
1088 3368 1173 3434 erio'.

330 3491 407 3556 Non
429 3513 563 3575 prorsus
592 3493 740 3577 eandem,
769 3494 824 3557 sed
847 3515 924 3558 vero
949 3493 1089 3558 similem
1113 3493 1309 3558 sententiam
1333 3516 1385 3558 ex-

240 3620 387 3682 pressam
411 3598 556 3662 videmus
579 3598 669 3664 hisoe
692 3599 787 3664 loeis:
810 3598 877 3663 VII
899 3601 959 3665 167
976 3622 1038 3684 sq.:

373 3704 418 3771 ‘si
437 3707 531 3788 parda
552 3707 661 3771 uaeris
682 3728 745 3772 uou
767 3713 880 3790 uupta,
905 3709 958 3772 sed
978 3707 1101 3790 hospita
1123 3709 1219 3772 dioar.

373 3814 448 3877 dum
471 3817 526 3876 tua
548 3814 590 3877 sit
612 3811 707 3897 Dido,
729 3813 882 3895 quodlibet
903 3832 965 3879 esse
985 3811 1086 3894 feret'.

328 3935 380 3998 III
403 3937 459 4000 69:

373 4041 530 4107 ‘rictorem
552 4045 674 4126 captiva
695 4063 815 4126 sequar,
837 4064 900 4108 uou
923 4049 1021 4126 uupta
1043 4043 1217 4109 marituru'.

329 4165 394 4229 XII
416 4166 478 4230 109
498 4187 559 4249 sq.:

374 4271 528 4356 ‘proditus
550 4278 594 4337 est
612 4275 741 4355 qeuitor,
764 4295 891 4356 rpuuru
909 4275 1109 4356 patriamque
1131 4274 1249 4356 reliqui.
1374 4319 1375 4324 η

373 4399 487 4443 muuus
509 4381 545 4443 iu
567 4381 659 4445 bailio
681 4383 832 4462 quodlibet
853 4402 915 4446 esse
938 4378 1021 4445 tuli’.
