3346 4934
761 316 977 381 ..52-

385 477 508 543 Versus
532 477 583 542 57.
607 476 665 541 58:

429 583 521 666 ‘quiu
544 585 638 649 etioru
660 584 751 663 furuu
773 588 831 666 est,
854 604 922 647 curu
945 583 1082 647 crastiua
1104 581 1228 662 fulserit
1249 601 1311 665 eos,

430 696 456 755 te
478 692 553 755 dure
575 690 727 772 nubiferis
750 689 844 754 liuteo
860 689 964 771 pteuis
986 686 1082 754 uotis’

296 815 506 898 comparandi
530 818 606 878 sunt
629 836 703 878 eum
727 812 823 877 Hom.
844 815 850 877 Ι
872 814 937 879 682
953 835 1000 897 sq.
1023 812 1077 896 (ci.
1098 812 1197 877 etiam
1220 835 1247 882 ν.
1268 813 1360 896 356);

487 939 583 1004 αὐτὸ(
607 936 640 1002 δ’
663 939 832 1017 ἠπείληεεν
855 935 912 1018 ἅμ’
936 938 989 1016 ἠοῖ
1011 931 1250 1018 φαινομένηφιν

480 1051 557 1125 νῆα(
581 1046 770 1125 ἐυεεέλμουε
793 1043 891 1109 ἅλαδ’
914 1045 1045 1124 ἑλκέμεν
1065 1043 1276 1124 ἀμφιέλιεεαε.

384 1170 508 1247 Quibus
536 1169 618 1233 loeis
642 1169 753 1233 eadem
777 1189 906 1252 quoque
930 1168 1131 1233 constructio
1155 1167 1341 1252 adhibetur,
1368 1190 1441 1232 eum

293 1276 475 1341 infinitivus
508 1275 666 1359 temporis
699 1274 881 1359 praesentis
905 1274 1010 1339 ‘dure'
1043 1273 1148 1339 futuri
1175 1274 1247 1339 loeo
1279 1274 1440 1338 ‘dotrrruur

294 1383 371 1448 esse'
395 1384 523 1467 positus
547 1383 603 1466 sit,
627 1382 675 1446 ita
697 1386 735 1446 ut
758 1404 796 1446 eo
819 1382 955 1446 verbum
978 1381 1110 1460 ἑλκέμεν
1134 1385 1284 1445 accurate
1304 1381 1441 1465 exprimi

294 1494 414 1574 pateat.
465 1552 467 1556 ,
707 1501 709 1507 ‘

384 1596 506 1662 Versus
530 1597 671 1680 61-82,
694 1595 813 1680 quibus
837 1595 960 1659 Briseis
985 1598 1057 1659 orat
1079 1593 1252 1678 Achillem,
1276 1597 1313 1657 ut
1336 1594 1440 1677 ipsam

295 1725 405 1769 secum
424 1703 560 1786 auferat,
579 1703 739 1787 originem
757 1702 909 1767 videntur
928 1701 1057 1765 duxisse
1076 1723 1115 1765 ex
1133 1701 1230 1766 Hom.
1251 1703 1257 1766 Ι
1277 1701 1344 1764 434
1362 1722 1442 1785 sqq„

293 1810 350 1874 ubi
374 1809 519 1874 Phoenix
543 1809 684 1873 similem
707 1808 911 1873 voluntatem
934 1808 1091 1872 declarat:
1115 1816 1118 1821 '

427 1935 453 1998 εἰ
478 1935 597 2012 μὲνδὴ
622 1933 736 1998 νόιτον
760 1954 798 2010 γε
822 1933 901 2012 μετὰ
924 1933 1029 2015 φρεεὶ,
1054 1929 1182 2011 φαίδιμ’
1206 1930 1362 2010 Ἀχιλλεῦ,

429 2039 572 2120 βάλλεαι,
596 2039 672 2104 οὐδέ
696 2061 724 2103 τι
748 2040 883 2119 πάμπαν
906 2037 1037 2118 ἀμύνειν
1061 2038 1148 2117 νηυεὶ
1172 2043 1280 2122 θοῇειν

427 2151 490 2226 πῦρ
513 2148 633 2211 έθέλειε
657 2143 803 2225 ἀίδηλον,
828 2146 897 2210 ἐπεὶ
922 2144 1019 2224 χόλοε
1043 2143 1158 2224 ἔμπεεε
1183 2149 1287 2227 θυμῷ,

425 2258 495 2318 πῶς
519 2253 559 2319 ἂν
582 2251 686 2317 ἔπειτ’
710 2251 775 2316 ἀπὸ
799 2256 879 2332 εεῖο,
903 2251 1001 2332 φίλον
1024 2252 1128 2330 τέκοε,
1153 2250 1225 2314 αὖθι
1249 2251 1398 2331 λιποίμην

428 2359 513 2436 οἷοε;

294 2485 415 2549 videsis
439 2483 474 2547 in
496 2483 612 2566 primis
636 2481 778 2546 heroidis
803 2459 920 2546 versus*
940 2481 980 2544 61
1001 2502 1061 2564 sq.:

426 2589 510 2654 ‘Ibis
532 2594 562 2654 et
586 2626 623 2634 —
649 2609 666 2653 ο
688 2588 853 2653 miseruut
879 2625 916 2633 -
946 2589 997 2651 cui
1018 2607 1078 2669 rue,
1101 2587 1241 2670 violente,
1263 2589 1438 2670 relinquis?

424 2697 494 2777 quis
516 2696 595 2760 ruiti
616 2697 750 2760 desertae
772 2696 845 2759 ruite
868 2695 1002 2758 tuuueu
1024 2693 1105 2757 erit?
1112 2692 1121 2718 '

291 2826 325 2885 et
347 2843 460 2886 versus
484 2821 525 2884 67
543 2843 605 2903 sq.:

424 2927 478 2994 ‘Si
501 2928 556 2992 tibi
578 2928 643 2991 iruu
665 2927 838 3007 reditusque
854 2925 980 3006 ptoceut
995 2925 1157 3007 patriique
1174 2930 1314 3009 penates,

331 3096 333 3099 .
423 3055 486 3098 uou
508 3055 559 3116 epo
582 3054 650 3098 suru
673 3033 766 3098 ctussi
788 3033 916 3096 surciuu
939 3052 1053 3112 mupuu
1076 3030 1167 3098 tuuc?

289 3158 329 3222 In
352 3158 464 3223 eadem
488 3157 647 3242 epistulae
671 3154 831 3240 particula
854 3176 903 3218 vv.
924 3155 974 3219 71.
994 3156 1049 3220 72:

425 3265 530 3329 ‘Iuter
552 3263 749 3328 Achaeiadas
773 3263 858 3344 turpe
874 3261 1087 3345 pulcherrimo
1108 3267 1223 3328 uiues

423 3375 458 3436 iu
482 3371 634 3436 ttuiuuros
651 3371 787 3434 couiuuu
809 3369 866 3432 ibit
887 3373 993 3452 eatque
1015 3369 1102 3433 tuos'

290 3497 500 3581 depromptos
524 3517 594 3559 esse
618 3517 656 3558 ex
680 3493 799 3558 Hom!
824 3494 889 3558 395
909 3515 992 3577 sqq.:

423 3622 541 3685 πολλαὶ
565 3619 720 3699 Ἀχαιίδεε
743 3618 820 3684 εἰεὶν
843 3617 897 3683 ἀν’
915 3617 1052 3682 Ἑλλάδα
1075 3640 1109 3684 τε
1134 3619 1235 3699 Φθίην
1258 3641 1292 3684 τε

421 3833 509 3897 τάων
531 3834 571 3912 ἥν
595 3831 626 3897 κ’
649 3833 783 3910 ἐθέλωμι
807 3831 905 3910 φίλην
928 3830 1077 3910 ποιήεομ’
1100 3829 1229 3896 ἄκοιτιν.

289 3958 369 4023 satis
393 3959 460 4022 iam
483 3960 618 4043 apparet
642 3980 658 4021 ο
681 3956 787 4020 forma
811 3954 1044 4038 ‘Actaeiadus'‚
1068 3976 1150 4038 quae
1175 3976 1194 4017 a
1218 3956 1433 4040 scriptoribus

288 4065 431 4129 romanis
461 4065 542 4129 alias
569 4086 636 4128 non
657 4067 816 4147 usurpata
839 4061 900 4127 hoc
924 4063 997 4126 loeo
1021 4083 1041 4125 a
1063 4060 1222 4126 Merkelio
1247 4067 1280 4127 et
1304 4085 1323 4126 a
1347 4061 1434 4128 Sed]-

289 4193 420 4255 meyero
431 4170 457 4256 1)
481 4175 568 4236 reete
592 4175 643 4237 est
666 4170 829 4234 restituta

377 4351 403 4416 1)
423 4345 462 4403 cf.
482 4345 565 4401 huius
584 4361 771 4415 programma,
791 4345 866 4412 quod
882 4343 1058 4398 inscribitur:
1079 4341 1235 4397 Kritischer
1254 4342 1434 4399 Commentar

286 4454 320 4490 au
339 4434 425 4490 Ovids
444 4435 593 4490 Heroides.
632 4433 715 4488 Wisn
736 4438 813 4487 1881.
832 4450 860 4502 p.
875 4439 899 4488 8.
