3346 4934
773 283 989 348 ..1ss-

399 444 567 510 Sententia
590 442 742 508 Heuwesi
772 443 837 507 alia
866 465 993 528 quoque
1022 466 1070 529 13,
1098 466 1181 528 quae
1206 468 1280 510 eum
1305 447 1457 532 effugisse

308 552 445 638 videtur,
469 551 654 617 confirmari
677 554 797 634 potest.
834 551 968 615 Erravit
987 551 1074 615 enim
1097 552 1131 615 in
1155 573 1203 636 eo,
1222 554 1308 636 quod
1327 555 1457 636 putavit

251 718 256 722 .
311 697 347 705 —
374 658 460 724 hunc
488 658 574 723 enim
602 657 637 720 in
665 657 798 721 modum
821 657 920 721 verba
943 657 1011 721 eius
1036 658 1255 742 intellegenda
1279 682 1349 724 esse
1373 660 1457 724 arbi-

308 771 379 830 tror
393 803 434 813 —
451 766 491 830 ad
511 785 621 828 omnes
641 785 695 828 333
716 763 883 848 epistulas,
903 786 983 848 quas
1006 763 1141 830 Ovidius
1160 766 1308 832 versibus
1324 769 1456 832 21-26

308 872 462 955 laudavit,
486 869 644 935 Sabinum
667 873 799 954 poetam
821 892 977 953 responsa
1000 871 1078 935 ficta
1104 871 1318 954 rescripsisse.
1364 873 1456 938 Desi-

309 980 463 1044 derantur
486 977 573 1041 enim
598 977 755 1060 quaedam
779 977 939 1060 epistulae
963 977 997 1040 in
1018 975 1131 1042 Sabini
1150 999 1381 1062 responsorum
1399 1003 1455 1045 nu-

308 1109 407 1168 mere,
431 1084 516 1149 313111
539 1082 691 1168 Helenae,
715 1082 888 1168 Ariadnae,
912 1083 1054 1149 Canaces
1079 1083 1247 1168 epistulae.
1281 1085 1397 1150 Nonne
1417 1109 1456 1150 ex

307 1193 369 1256 hac
396 1213 430 1255 re
461 1189 556 1254 facile
580 1191 690 1272 potest
714 1189 839 1274 colligi,
869 1187 990 1254 Sabino
1015 1212 1052 1254 eo
1077 1193 1223 1274 tempore
1247 1213 1301 1256 eas
1325 1195 1455 1257 tantum

309 1297 466 1382 epistulas
493 1300 589 1359 notas
617 1295 733 1380 fuisse,
763 1296 880 1379 quibus
905 1319 980 1361 suas
1004 1297 1106 1380 ipsius
1132 1297 1291 1381 adiunxit,
1314 1299 1456 1386 reliquas

308 1409 418 1469 autem
450 1403 594 1468 nondum
623 1403 663 1466 ab
694 1401 811 1467 Ouidio
841 1407 1082 1468 consummatas
1110 1404 1160 1467 vel
1187 1405 1331 1469 nondum
1355 1407 1455 1471 scribi

306 1515 446 1596 coeptas,
471 1511 525 1574 sed
550 1510 590 1573 ad
614 1510 821 1574 tractandum
845 1510 874 1573 ei
897 1510 1084 1593 propositas
1107 1509 1232 1575 fuisse?
1268 1511 1361 1587 Quod
1387 1515 1455 1598 qui-

305 1620 378 1682 dem
412 1617 533 1701 optime
572 1617 746 1699 quadraret
782 1617 822 1696 ad
860 1617 1058 1681 sententiam
1096 1618 1136 1681 ab
1170 1616 1343 1684 Heuwesio
1381 1644 1454 1703 pro-

304 1726 421 1808 latam,
450 1723 505 1808 qui
535 1720 692 1786 Sabinum
722 1722 889 1787 hominem
918 1745 991 1788 oum
1014 1722 1130 1788 Ouidio
1159 1746 1287 1789 summa
1310 1727 1455 1792 amicitia

308 1833 519 1898 coniunctum
556 1830 622 1892 iam
659 1850 852 1914 responsum
890 1830 1026 1894 alieuius
1059 1830 1238 1895 Heroidum
1276 1835 1454 1898 rescribere

305 1939 451 2025 potuisse
476 1937 592 2020 credit,
616 1936 806 2020 priusquam
831 1937 899 2020 ipse
924 1960 995 2001 eam
1018 1936 1140 2022 publici
1164 1937 1244 2002 iuris
1268 1938 1391 2004 fecerit.

393 2046 444 2110 Ex
467 2045 518 2127 iis,
542 2065 624 2127 quae
647 2042 752 2107 adhuc
775 2043 987 2127 protulimus,
1018 2044 1098 2109 satis
1123 2066 1278 2128 apparere
1303 2047 1453 2131 arbitror,

306 2175 417 2217 omnes
449 2150 606 2234 epistulas
640 2153 724 2228 tum,
758 2171 831 2214 cum
865 2148 999 2214 Ovidius
1028 2149 1253 2217 11111311118
1288 2153 1454 2237 scriberet,

305 2259 449 2323 nondum
483 2256 647 2321 confectas
677 2256 785 2321 fuisse.
830 2257 921 2342 Ergo
950 2279 1003 2322 eas
1032 2279 1143 2322 omnes
1171 2260 1316 2323 nondum
1343 2261 1453 2344 potuit

306 2385 561 2430 commemorare
585 2363 619 2427 in
643 2384 681 2427 eo
705 2363 776 2447 ipso
801 2364 952 2449 carmine,
975 2386 1078 2449 neque
1101 2365 1169 2429 ulla
1192 2369 1243 2430 est
1267 2387 1372 2450 331133,
1396 2389 1453 2431 cur

305 2472 461 2555 reliquas,
489 2470 565 2554 quia
594 2492 706 2535 earum
734 2471 858 2535 mentio
885 2492 953 2535 non
975 2471 1046 2554 fiat,
1076 2472 1262 2556 suppositas
1289 2495 1359 2537 esse
1388 2495 1452 2538 cre-

305 2579 428 2643 damus.
908 2566 910 2570 ¹

393 2684 464 2747 Hac
488 2683 593 2768 elegia
614 2687 815 2768 pertractata
839 2684 953 2748 statim
973 2684 1012 2748 ad
1031 2684 1184 2768 reliquos,
1204 2685 1259 2769 qui
1278 2685 1451 2750 admodum

304 2791 400 2876 pauci
420 2795 505 2874 sunt,
524 2790 720 2874 scriptorum
738 2796 885 2855 veterum
899 2791 988 2855 locos
1002 2813 1063 2856 nos
1078 2795 1314 2876 convertamus,
1334 2792 1451 2877 quibus

303 2898 473 2963 heroidum
496 2897 619 2962 mentio
642 2897 804 2962 iniciatur.
848 2896 961 2981 Neque
986 2897 1072 2961 enim
1096 2919 1209 2962 eorum
1232 2899 1448 2963 conlationem

235 3020 239 3026 '
305 3027 324 3068 3
348 3027 512 3089 quoquam
537 3004 641 3068 adhuc
665 3008 851 3087 susceptam
874 3026 943 3068 esse
967 3004 1068 3068 video.
1111 3005 1221 3088 Atque
1245 3005 1392 3070 rhetores
1417 3006 1450 3067 et

304 3110 511 3196 grammatici
534 3109 630 3174 latini
652 3109 742 3176 hisce
766 3110 913 3175 versibus
937 3111 987 3175 usi
1011 3115 1097 3176 311111.

393 3235 409 3299 Ι
433 3237 467 3300 2:
502 3234 564 3298 ‘nil
587 3234 847 3316 nihirmentus,
870 3232 1010 3321 1111111311)
1034 3237 1099 3316 ipse
1120 3234 1204 3298 ceal'

393 3377 516 3442 Marius
540 3376 702 3441 Victorin.
720 3375 769 3473 VI
791 3397 865 3460 pag.
887 3377 959 3459 109,
979 3377 1022 3441 30
1037 3373 1109 3462 ΚΞ)

393 3520 455 3584 ‘ad
477 3520 555 3583 mibi
577 3518 740 3583 resatbus’
764 3519 849 3583 idem
874 3516 930 3582 VI.
949 3539 1022 3602 pag.
1046 3519 1117 3601 111,
1137 3519 1178 3583 23
1197 3517 1236 3582 K.
1245 3517 1269 3605 2)

392 3661 441 3725 IV
466 3663 521 3725 67:
555 3661 702 3741 ‘tempore
723 3682 782 3741 qao
804 3661 995 3724 3311313113
1018 3659 1216 3725 3310333113
1239 3661 1391 3725 Eleusiu'

393 3804 579 3868 Priscianus
598 3801 631 3865 II
654 3823 727 3888 pag.
748 3801 913 3885 544411.

393 3946 423 4010 V
450 3947 526 4011 1491
554 3944 627 4010 ‘beu
645 3942 976 4031 13111313113111131113
994 3899 1083 4010 umor
1101 3945 1315 4010 33131111αό113
1333 3940 1448 4007 lrcrbis'

394 4143 419 4209 1)
440 4141 515 4194 Nata
543 4140 587 4193 est
613 4141 683 4192 haec
711 4137 802 4190 forma
825 4153 859 4190 ex
882 4134 1003 4191 lectione
1025 4138 1167 4192 ‘attamen'
1196 4154 1212 4192 3
1235 4134 1449 4206 guelferbptano

339 4231 364 4282 h'
388 4229 436 4286 ita.

303 4247 336 4284 ⁶¹
357 4229 419 4387 ὼ2)
437 4319 592 4386 Utrumque
610 4315 705 4370 locum
724 4313 885 4368 ovidianum
903 4312 1010 4368 Keilius
1030 4315 1117 4368 311313
1137 4314 1304 4383 supersedit.

385 4412 412 4478 3)
432 4407 550 4464 Codices
570 4403 654 4459 Ovidi
675 4405 725 4458 ‘rue
743 4403 880 4457 misaum’
901 4404 1046 4472 praebent.
