3346 4934
693 309 913 372 „49-

231 477 316 561 quod
335 475 466 559 quidem
486 473 585 538 etiam
605 471 710 556 magis
730 474 866 554 apparet
889 491 928 534 ex
946 490 994 552 eo,
1017 460 1375 551 quodprimoversu1)

231 583 352 649 Briseis
377 604 411 647 se
435 582 542 666 ipsam
565 584 695 663 raptam
718 577 871 663 appellat.

319 689 416 754 Hunc
450 687 560 752 locum
594 685 795 750 homericum
832 688 931 767 poeta
963 682 1044 746 scite
1077 685 1175 764 atque
1207 680 1375 744 commode

230 797 409 880 pertexuit,
438 792 512 858 aliis
541 815 623 877 quae
652 792 693 856 ab
721 791 865 855 Homero
893 789 1067 854 traduntur
1095 788 1191 852 rebus
1220 787 1254 852 in
1282 809 1376 852 suum

230 925 326 968 usum
349 901 484 967 vocatis.
531 899 619 976 Quas
643 899 709 963 iam
733 897 880 983 singulas
903 897 1147 980 perlustremus.

320 1008 430 1093 Atque
453 1029 565 1073 versus
588 1007 618 1071 9.
644 1007 697 1072 10:

344 1132 436 1198 ‘uum
457 1133 553 1198 simul
574 1131 748 1216 Eurybates
769 1151 817 1194 rue
842 1128 1081 1212 Talthybiusque
1102 1131 1262 1210 uocarunt,

344 1240 502 1324 Eurybati
523 1241 598 1303 doto
620 1259 698 1323 euru,
723 1236 943 1320 Talthybioque
965 1232 1075 1298 coues’

233 1364 429 1449 respondent
460 1363 582 1448 optime
612 1362 758 1426 versibus
782 1361 880 1425 Hom.
899 1363 924 1425 Α
944 1359 1129 1441 sno-348,
1153 1357 1209 1422 ubi
1233 1357 1378 1422 Achilles

233 1493 274 1534 ne
297 1467 438 1534 'minima
466 1470 597 1554 quidem
626 1452 729 1531 mora
749 1467 946 1551 interposita
978 1463 1194 1550 praeconibus
1226 1469 1380 1530 narratur

235 1598 360 1640 morem
393 1575 542 1661 gessisse.
597 1573 708 1638 Verba
740 1577 849 1637 autem
882 1571 974 1637 ‘datu
1009 1569 1103 1653 sum’,
1140 1592 1207 1635 non
1239 1569 1379 1637 ‘dedisti'

235 1682 307 1746 ideo
336 1681 448 1766 posuit
475 1684 586 1764 poeta,
619 1679 696 1763 quia
724 1679 809 1762 apud
832 1677 1013 1742 Homerum
1038 1677 1216 1741 Briseidem
1244 1700 1310 1742 non
1339 1679 1380 1742 ab

237 1788 364 1854 Achille
389 1790 470 1872 ipso,
493 1786 550 1852 sed
573 1808 593 1849 a
615 1784 768 1850 Patroclo
792 1785 948 1849 traditam
971 1805 1042 1848 esse
1065 1784 1199 1869 legerat.

326 1894 429 1958 Porro
453 1893 601 1958 versibus
626 1892 772 1956 27-29:

396 2000 568 2066 ‘Vereruut
589 2000 633 2062 ud
655 2003 683 2063 te
708 1999 871 2063 Telamone
893 2002 922 2061 et
944 1999 1112 2080 Aruqutore
1134 1999 1216 2079 uult,

396 2108 448 2171 ille
466 2108 569 2188 qrodu
586 2107 718 2190 propior
739 2105 917 2188 subquinta—
930 2103 983 2167 uu
1004 2123 1113 2187 aoruca,

397 2213 572 2293 Lu'e'rtoque
593 2217 688 2290 salue,
706 2232 763 2293 per
785 2231 861 2293 quos
883 2211 1027 2274 comitutu
1049 2207 1204 2272 redirem’.

239 2336 426 2402 summatim
454 2336 669 2420 perscribitur
698 2339 929 2420 argumentum
956 2333 1035 2397 noni
1068 2332 1144 2397 libri
1172 2332 1299 2417 Iliadis,
1328 2334 1383 2417 qui

237 2443 441 2508 inscribitur:
470 2443 619 2523 πρεεβεία
642 2443 723 2522 πρὸ(
747 2441 903 2521 Ἀχιλλέα.
937 2438 1037 2506 Cuius
1060 2439 1235 2525 legationis
1263 2441 1382 2504 iterum

240 2549 362 2614 mentio
386 2550 425 2613 fit
448 2573 497 2614 νν.
520 2551 581 2614 129
598 2572 658 2634 sq.:
827 2538 830 2544 ⁵

329 2657 413 2739 ‘plus
436 2677 487 2740 eqo
510 2677 603 2738 quoru
626 2655 777 2738 Pboeuu'u,
795 2655 869 2737 plus
891 2675 985 2736 quoru
1006 2655 1161 2734 facundus
1190 2653 1308 2739 Ulixes,

322 2763 398 2845 plus
420 2782 472 2845 eqo
494 2782 589 2843 quoru
613 2763 722 2826 Teucri
744 2797 787 2807 —
810 2763 939 2826 credite!
961 2799 1005 2808 —
1026 2763 1126 2842 frater
1148 2759 1264 2844 eqom’.

241 2885 333 2961 Quod
356 2907 433 2951 vero
456 2886 564 2970 priore
588 2886 660 2950 loco
684 2885 830 2951 Phoenix
854 2907 961 2950 eomes
986 2884 1124 2950 Achillis
1148 2889 1293 2969 vocatur,
1322 2884 1385 2949 hoe

241 2991 445 3057 referendum
470 2997 521 3057 est
545 2993 586 3057 ad
611 2995 617 3058 Ι
642 2993 707 3058 438
724 3014 794 3076 sqq.
817 2992 874 3056 ubi
899 2992 955 3056 ille
979 2992 1018 3056 de
1041 2990 1103 3056 hoe
1126 2992 1174 3055 ita
1197 2991 1358 3074 loquitur:

374 3100 421 3163 εοὶ
446 3100 481 3163 δέ
506 3097 541 3178 μ’
564 3098 687 3179 ἔπεμπε
711 3101 817 3178 γέρων
839 3097 1003 3178 ἱππηλάτα
1027 3099 1155 3178 Πηλεύι
1352 3079 1355 3084 ’

374 3207 467 3284 ἤματι
491 3210 538 3290 τῷ
561 3204 616 3270 ὅτε
641 3203 672 3270 c'
696 3207 731 3272 ἐκ
754 3206 852 3286 Φθίη(
875 3192 1085 3285 Ἀγαμέμνονι
1109 3207 1246 3285 πέμπεν,

377 3314 506 3395 νήπιον,
530 3311 622 3376 οὔπω
646 3311 747 3379 εἰδόθ’
770 3312 895 3392 ὁμοιίοιι
919 3314 1075 3392 πολέμοιο

376 3415 449 3480 οὐδ’
473 3415 620 3498 ἀγορέων
658 3469 685 3507 ,1
711 3467 1253 3483 ...........

376 3521 513 3593 τοῦνεκά
536 3546 573 3605 με
596 3527 734 3605 προέηκε
759 3527 976 3605 διδαεκέμεναι
999 3525 1075 3590 τάδε
1100 3524 1206 3589 πάντα

377 3630 486 3709 μύθων
508 3652 543 3695 τε
567 3631 679 3712 ῥητῆρ’
702 3632 811 3712 ἔμεναι
834 3631 998 3711 πρηκτῆρά
1020 3652 1056 3695 τε
1080 3631 1193 3710 ἔργων.

333 3751 551 3838 Subsequitur
578 3756 725 3822 versibus
753 3756 885 3821 31-38
915 3756 1117 3820 enumeratio
1146 3776 1317 3818 munerum
1345 3755 1386 3817 ab

244 3862 488 3947 Agamemnone
517 3861 639 3927 Achilli
668 3863 867 3946 oblatorum,
900 3884 998 3946 quam
1029 3884 1096 3927 non
1124 3863 1221 3926 rebus
1249 3865 1388 3946 tantum,

243 3990 356 4032 verum
389 3968 489 4032 etiam
525 3970 632 4034 verbis
670 3969 835 4035 interdum
874 3969 1046 4034 convenire
1079 3991 1153 4034 eum
1187 3971 1193 4034 Ι
1225 3969 1288 4033 122
1317 3990 1387 4052 sqq.

244 4071 302 4161 (=
326 4076 392 4139 264
407 4096 486 4160 sqq,
515 4076 554 4139 ad
578 4098 660 4160 quae
684 4077 831 4142 conferas
856 4077 880 4140 Τ
905 4077 969 4140 243
985 4072 1070 4161 sqq.)
1092 4074 1159 4140 iam
1183 4096 1281 4160 supra
1304 4097 1389 4139 eom-

244 4181 505 4246 memoravimus.
551 4182 597 4246 Et
620 4183 751 4267 quidem
774 4204 868 4268 pares
892 4188 969 4248 sunt
991 4182 1026 4246 hi
1049 4203 1175 4247 versus:

335 4341 360 4408 1)
381 4340 474 4409 ‘quam
493 4340 559 4410 leque
577 4358 596 4393 u
613 4347 715 4410 rupta
732 4341 858 4396 Briseide
877 4341 970 4396 littero
987 4339 1082 4405 veuit,
1102 4338 1139 4393 ud
1158 4353 1240 4406 quem
1259 4337 1388 4394 Loersius

244 4430 332 4481 reete:
353 4428 412 4496 ‘per
432 4427 509 4495 νέομ’,
524 4427 628 4496 inquit,
648 4429 685 4485 ‘et
702 4445 743 4484 rue
761 4429 905 4484 iuoltu'ab
923 4429 1125 4498 Agamemnone
1143 4427 1283 4482 abductu'.

1158 4524 1176 4569 4
