3346 4934
719 319 915 381 ..7-

332 475 396 542 Sed
423 477 562 562 digressi
591 499 765 562 parumper
792 477 858 542 iam
887 480 927 543 ad
956 502 1024 544 rem
1051 480 1256 566 propositam
1289 504 1392 547 rever-

242 590 358 650 tamur.

331 692 382 757 Ex
405 691 460 776 iis,
489 713 570 777 quae
599 692 703 756 adhuc
731 691 942 775 protulimus,
965 693 1004 756 id
1032 694 1113 757 mihi
1140 696 1323 760 necessario
1348 695 1392 761 vi-

240 799 335 864 detur
361 799 529 884 consequi,
559 802 596 862 ut
623 797 760 863 Ovidius
790 797 1016 880 ‘epistolarum'
1045 799 1179 866 titulum
1207 825 1274 867 non
1302 826 1392 867 usur·

241 906 342 990 parit;
368 927 465 990 quem
489 928 562 970 cum
584 904 747 970 Lucienus
767 904 905 970 Mueller
929 929 1058 990 quoque
1081 908 1203 972 nudum
1227 932 1285 974 nec
1310 910 1390 974 satis

241 1013 412 1079 definitum
433 1035 504 1078 esse
524 1012 682 1097 crederet,
705 1013 863 1097 epistulas
883 1014 1061 1078 amatorias
1080 1015 1258 1081 inscribere
1277 1017 1391 1082 voluit.

242 1119 335 1196 Quod
354 1121 437 1185 unde
456 1119 620 1204 petiverit,
645 1142 697 1184 me
720 1119 845 1184 nescire
864 1119 966 1184 libere
985 1121 1151 1204 profiteor.
1181 1122 1294 1206 Neque
1313 1146 1390 1189 vero

242 1227 347 1312 magis
375 1227 540 1292 invenitur
568 1249 632 1310 quo
659 1226 808 1292 nitantur
841 1249 892 1311 ea,
926 1250 1008 1311 quae
1037 1227 1226 1294 Theodorus
1250 1230 1324 1293 Birt
1356 1231 1391 1295 in

240 1334 325 1398 libro
355 1335 410 1418 qui
438 1335 642 1400 inscribitur:
676 1333 760 1399 ‘Das
787 1335 890 1399 aalide
917 1334 1117 1400 Buctwescrr'
1145 1360 1175 1420 p.
1200 1338 1263 1401 379
1280 1359 1327 1420 sq.
1356 1341 1389 1402 et

242 1437 422 1506 Guilelmus
446 1440 561 1507 Peters
584 1465 614 1526 p.
641 1442 682 1506 74
707 1440 963 1506 ‘observationum
990 1444 1034 1507 ad
1056 1442 1094 1507 Ρ.
1120 1442 1224 1508 Ovidii
1251 1444 1391 1509 Nasonis

239 1549 398 1614 heroidum
415 1547 574 1632 opistoias’
583 1547 609 1635 ¹)
632 1570 803 1632 perperam
823 1550 862 1613 de
882 1549 993 1613 eadem
1012 1571 1046 1612 re
1066 1548 1288 1634 disputarunt3
1313 1573 1389 1634 quo-

240 1678 313 1719 rum
345 1655 428 1720 alter
460 1655 637 1741 genuinum
666 1655 800 1719 titulum
828 1653 985 1720 ‘heroides'
1013 1654 1113 1721 fuisse
1146 1657 1241 1741 dixit,
1273 1663 1389 1742 postea

241 1767 350 1828 autem
375 1763 504 1828 saeculo
529 1765 646 1846 quarto
670 1761 722 1826 vel
751 1761 866 1845 quinto
895 1762 1093 1828 carminibus
1118 1763 1308 1828 XV-XXI
1336 1767 1389 1830 ad-

238 1867 362 1955 nexisl)
391 1868 595 1933 demutatum
624 1889 694 1932 esse
721 1868 756 1931 in
785 1868 968 1953 ‘episiobrc'3
1001 1870 1085 1935 alter
1108 1872 1389 1954 verba.‘cpisioloe

237 1975 408 2042 teroidurrr’
437 1980 475 2039 ut
502 1976 631 2059 plenam
660 1978 694 2038 et
722 1974 892 2058 antiquam
922 1975 1169 2060 inscriptionem
1201 1980 1387 2044 enucleasse
1492 2017 1494 2023 2

240 2085 303 2149 sibi
326 2084 415 2148 visus
439 2085 499 2146 est.

328 2189 514 2256 Cavendum
534 2192 643 2252 autem
663 2192 713 2252 est
733 2212 774 2254 ne
794 2189 867 2272 quis
886 2189 972 2253 Birti
992 2195 1175 2255 commotus
1195 2191 1387 2277 rationibus,

239 2319 320 2382 quae
344 2296 450 2381 primo
474 2295 614 2360 fortasse
639 2295 757 2359 obtutu
785 2296 972 2380 probabiles
996 2297 1179 2382 videantur,
1206 2298 1324 2363 falsam
1348 2301 1387 2364 de

238 2406 300 2470 hac
323 2427 356 2468 re
381 2403 567 2488 opinionem
591 2402 739 2487 accipiat.
778 2401 838 2467 Oui
860 2401 1040 2469 ‘heroidum'
1064 2404 1195 2469 nomine
1219 2405 1302 2474 tales
1323 2407 1388 2490 epi-

239 2513 356 2597 stulas,
397 2512 487 2576 uales
507 2509 647 2594 Paridis,
666 2509 820 2595 Leandri,
839 2510 973 2596 Aconti,
993 2511 1068 2594 quia
1088 2511 1154 2576 sint
1174 2513 1214 2576 ab
1233 2511 1387 2578 heroibus

238 2643 303 2684 non
318 2599 372 2685 ¹ab
400 2619 587 2683 heroidibus
616 2618 833 2703 conscriptae,
865 2618 1001 2698 indicari
1033 2642 1099 2684 non
1127 2642 1223 2704 posse
1256 2624 1386 2686 conten-

240 2727 328 2791 denti
355 2726 436 2790 illud
464 2726 692 2810 opponendum
721 2729 785 2811 est,
817 2726 991 2809 unicuique
1024 2726 1141 2790 harum
1171 2727 1386 2811 epistularum

239 2834 431 2918 respondere
451 2833 597 2918 singulas
617 2833 658 2897 ab
677 2833 866 2897 heroidibus
887 2833 1066 2918 confectas,
1085 2834 1133 2897 ita
1150 2836 1188 2897 ut
1201 2834 1277 2899 illae
1293 2837 1386 2918 quasi

237 2941 441 3025 prolusiones
470 2941 628 3024 quaedam
656 2940 773 3004 harum
801 2939 915 3004 haberi
939 2944 1069 3023 queant.
1116 2940 1288 3006 Praeterea
1313 2965 1387 3006 con-

237 3048 343 3112 simile
372 3048 494 3131 aliquid
521 3047 646 3112 factum
673 3051 724 3112 est
751 3046 786 3111 in
809 3044 1037 3126 Halieutioisl)
1066 3047 1238 3131 ovidianis,
1267 3049 1385 3133 quibus

237 3178 287 3220 vv.
302 3155 432 3220 49—81
454 3154 610 3219 inseritur
633 3154 824 3218 animalium
843 3152 1048 3218 terrestrium
1068 3153 1240 3219 enarratio.
1279 3154 1385 3230 Quare

237 3261 274 3346 is,
292 3262 349 3344 qui
363 3261 507 3326 codicem
522 3261 798 3326 vindobonensem
813 3261 967 3345 exaravit,
981 3261 1044 3326 hoo
1059 3283 1189 3326 carmen
1202 3259 1385 3345 inscripsit:

327 3526 353 3592 1)
372 3523 521 3579 Publioata
539 3527 583 3579 est
600 3526 651 3579 illa
669 3522 830 3579 dissertatio
850 3523 962 3593 Lipsiae
983 3530 1061 3578 1882.

325 3636 351 3697 2)
372 3631 414 3685 Da
442 3630 486 3684 hie
514 3631 598 3687 hodie
626 3633 733 3686 eertum
761 3631 896 3686 iudicium
924 3631 991 3688 ferri
1018 3631 1124 3700 nequit.
1162 3632 1238 3701 Opus
1268 3635 1325 3700 est,
1353 3635 1385 3686 ut

237 3723 337 3790 postea
359 3720 529 3790 videbimus,
548 3725 680 3776 accurata
702 3719 897 3790 inquisitione,
917 3738 1001 3790 quam
1024 3737 1069 3775 me
1092 3720 1245 3789 aliquando
1264 3724 1383 3791 praesti-

236 3813 328 3865 turum
348 3827 410 3865 esee
428 3826 519 3882 sper0.

326 3919 353 3986 3)
372 3895 433 3973 Hoc
451 3916 641 3989 fragmentum
659 3917 759 3974 Ovidio
779 3935 833 3972 non
853 3933 913 3972 esse
934 3916 1152 3972 abiudicandum
1171 3934 1275 3986 magno
1295 3918 1384 3972 homi-

236 4025 303 4061 num
318 4007 489 4062 eruditorum
504 4023 642 4062 consensu
657 4007 796 4062 Antonius
812 4007 941 4076 Zingerle
955 4007 985 4061 in
1000 4005 1106 4076 libello,
1122 4025 1176 4077 quo
1191 4005 1383 4061 continentur:

237 4097 350 4151 ‘Kleiae
364 4097 559 4167 pbiioiopisotc
576 4096 811 4168 Abbondionpen’
843 4096 869 4150 Π
889 4095 1051 4166 (Oeniponti
1072 4101 1150 4167 1877)
1169 4115 1197 4166 p.
1214 4102 1300 4151 1-44
1319 4114 1383 4152 con-

236 4184 370 4256 firmavit,
399 4188 442 4240 sat
470 4184 601 4254 gravibus
629 4203 695 4240 usus
723 4187 909 4255 argumentis,
938 4203 1010 4255 quae
1040 4188 1072 4239 ut
1103 4186 1249 4254 respueret
1279 4184 1383 4240 frustra

236 4274 348 4329 videtur
373 4275 466 4330 enisus
492 4291 553 4330 esse
576 4273 738 4331 Theodorus
760 4274 824 4329 Birt
847 4275 877 4330 in
901 4274 1136 4330 commentatione
1163 4275 1207 4329 ‘de
1229 4275 1384 4329 halieutiois

239 4363 337 4421 Ovidio
351 4372 447 4436 poetae
464 4367 537 4433 falso
556 4365 714 4436 adscripiie'
736 4364 985 4422 Berolinia.1878
1005 4365 1088 4420 odite..
1109 4363 1150 4419 of.
1167 4366 1230 4418 Ant.
1246 4362 1383 4432 Zingerle,

237 4453 265 4508 Ζ.
285 4454 302 4508 f.
322 4457 348 4509 o.
368 4453 399 4508 G.
420 4453 497 4508 xxx
517 4456 608 4525 (1879)
628 4471 655 4523 p.
673 4461 821 4510 178-183.
858 4454 973 4524 Teuffel,
993 4455 1024 4510 a.
1044 4454 1089 4510 L!
1109 4459 1169 4521 aso,
1185 4459 1209 4506 4.
