3326 4930
726 296 967 360 —122-

271 475 291 516 a
313 453 471 520 vocabulo
500 455 726 540 monosyllabo
759 455 939 541 excipiatur
968 477 1082 540 necne3
1115 454 1195 539 quin
1223 453 1324 520 ctiam
1351 476 1418 518 non

273 581 392 646 magno
423 566 588 628 momento
616 585 700 647 esse,
730 568 840 629 utrum
869 566 1064 648 anapaestus
1094 584 1136 642 an
1159 562 1319 647 spondeus
1343 561 1417 626 sub-

272 670 440 752 aequatum
462 690 566 753 neque
585 692 661 735 vero
681 671 787 757 magis
807 691 971 755 apparere,
995 691 1052 735 cur
1070 668 1305 753 monosyllabis
1328 666 1417 732 ‘aot'

272 771 331 838 ‘el'
356 773 403 838 ‘o’
427 775 590 840 concessis
608 777 808 862 praepositio
829 775 895 840 ‘in'
919 797 958 842 ne
977 773 1165 841 nominibus
1187 773 1329 858 propriis
1349 773 1417 859 qui-

272 881 344 944 dem
369 881 483 946 statim
507 882 666 948 adiunctis
691 883 821 948 admitti
848 881 963 968 possit.
1011 880 1115 947 Sanae
1142 880 1218 946 huic
1246 880 1416 946 ratiocina

272 987 355 1052 tioni
378 987 503 1054 Birtiua
527 988 587 1054 11,
611 1013 642 1074 p.
661 991 727 1056 392
751 990 889 1056 accessit
912 993 946 1055 et
968 987 1138 1072 Lehrsius,
1168 991 1326 1073 quantum
1342 987 1417 1073 qui·

162 1174 166 1180 .
272 1095 345 1160 dem
369 1095 409 1158 ad
432 1117 561 1160 versum
583 1097 643 1160 141
668 1097 811 1182 pertinet
834 1102 868 1161 et
887 1097 927 1162 ad
949 1117 1079 1161 versum
1102 1096 1173 1180 131,
1197 1095 1235 1160 de
1259 1116 1323 1179 quo
1346 1093 1417 1179 ipse

271 1225 300 1286 p.
312 1198 478 1266 OGXXlV
498 1202 739 1289 diphthongum
760 1203 817 1269 ‘de'
837 1203 941 1269 vocali
960 1200 1004 1267 ‘a'
1022 1201 1208 1286 proximum
1227 1222 1297 1267 csse
1317 1200 1417 1266 anim·

272 1308 413 1372 advertit
440 1312 474 1374 et
501 1308 588 1372 haud
611 1331 685 1374 raro
714 1311 798 1377 hanc
822 1313 897 1375 ante
921 1309 1015 1374 illum
1039 1308 1122 1375 elidi.
1170 1306 1263 1384 Quod
1287 1309 1417 1394 quidem

272 1418 359 1479 recte
388 1437 422 1480 se
450 1411 570 1481 habere
598 1416 809 1483 manifestum
836 1418 875 1482 fit
902 1417 943 1481 iis
967 1410 1137 1500 exemplis,
1165 1437 1247 1500 quae
1275 1415 1417 1482 Esohen·

271 1522 407 1607 turgius
425 1522 445 1587 l.
459 1523 479 1587 l.
498 1545 529 1608 p.
547 1525 588 1588 10
606 1525 758 1611 conlegit.
793 1524 843 1590 Eo
864 1523 969 1610 magis
989 1523 1083 1588 illum
1100 1523 1135 1587 in
1153 1522 1301 1588 versibus
1320 1522 1418 1588 modo

270 1629 422 1695 tractatis
445 1651 476 1714 p.
497 1630 536 1694 17
553 1651 600 1714 sq.
624 1631 796 1697 offendisse
820 1633 913 1697 valde
937 1631 1088 1696 demiror.
1393 1649 1395 1656 ’

807 1845 880 1925 so.

360 1966 442 2033 Cum
466 1968 505 2031 dc
528 1967 631 2052 hiato,
655 1972 815 2053 quatenus
839 1969 871 2032 id
893 1968 963 2032 fieri
983 1968 1166 2051 oportebat,
1184 1967 1250 2031 iam
1269 1966 1419 2050 diximus,

271 2076 311 2139 ad
340 2075 420 2140 alias
448 2097 500 2140 res
528 2097 716 2160 pergamus3
746 2081 779 2139 et
801 2076 943 2159 primum
967 2075 1181 2140 edisseramus
1206 2074 1244 2137 de
1267 2073 1419 2140 homoeo-

271 2181 417 2265 teleutis‚
441 2204 523 2265 quae
547 2186 712 2247 nostrates
735 2181 918 2247 ‘cameriam'
942 2182 1073 2246 nomine
1097 2180 1238 2246 amedii
1261 2180 1332 2244 aevi
1356 2202 1419 2244 ser-

270 2311 365 2354 mone
389 2289 493 2373 petito
519 2290 681 2372 appellare
706 2289 821 2353 solent.
831 2288 855 2376 ¹)

359 2396 470 2479 Atque
493 2417 605 2460 versus
630 2397 782 2461 similiter
805 2399 1022 2461 consonantes
1046 2396 1131 2480 apud
1158 2399 1273 2480 poetas
1296 2394 1417 2458 latinos

271 2504 420 2588 inprimis
444 2503 604 2588 elegiacos
624 2484 763 2587 'reperiri
786 2503 908 2568 nemini
931 2503 994 2568 erit
1018 2503 1201 2568 obscurum.
1237 2501 1344 2566 -Modo
1369 2523 1418 2565 ca·

271 2633 355 2695 veas,
377 2633 418 2674 ne
442 2609 637 2695 ubicumque
661 2608 735 2676 illos
759 2611 837 2676 data
861 2632 960 2695 opera
979 2609 1027 2676 ita
1044 2609 1207 2696 figuratos
1226 2631 1296 2673 esse
1314 2612 1418 2693 putea.

272 2717 396 2780 Florum
417 2719 536 2800 autem,
554 2717 610 2800 qui
630 2713 714 2783 ante¹
725 2740 776 2782 me
795 2718 830 2782 in
849 2718 961 2782 eodem
980 2719 1173 2802 argumento
1192 2715 1313 2780 versati
1332 2718 1418 2798 sunt,

271 2823 411 2888 multum
437 2823 520 2901 mihi
550 2823 742 2907 profuerunt
765 2823 982 2910 Hultgrenius
1014 2822 1296 2888 observationibus
1328 2844 1418 2886 accu-

271 2931 352 2996 ratis
371 2930 392 2994 l.
407 2932 427 2995 l.
444 2930 476 2994 II
495 2954 526 3014 p.
540 2931 668 2996 14-18
689 2934 722 2994 et
742 2928 930 3014 Sedlmayer
948 2925 1255 3012 commentationc2)
1276 2924 1417 2991 Studior.

272 3037 566 3102 vindobonensium
601 3038 663 3101 vol.
686 3037 719 3102 Il
750 3035 866 3122 (1880)
898 3060 929 3120 p.
953 3037 1130 3100 293-295
1162 3035 1299 3118 inserta3
1331 3033 1417 3118 quod

272 3148 387 3210 eontra
409 3144 492 3208 nihil
515 3144 645 3209 adiutus
670 3166 742 3208 sum
765 3142 920 3207 Eichneri
942 3138 1219 3228 programmatc³)
1243 3140 1417 3228 gnesnensi

273 3273 300 3314 a.
322 3249 422 3333 1875,
451 3273 526 3315 cum
554 3250 630 3334 quia
658 3250 696 3314 de
725 3250 822 3314 rebus
850 3249 949 3314 nimis
973 3249 1107 3314 minutis
1131 3249 1214 3334 egit,
1241 3253 1312 3315 tum
1341 3249 1417 3333 quia

269 3378 432 3442 perpauca
454 3356 568 3422 attulit
591 3355 746 3440 exempla.

362 3588 388 3650 1)
408 3585 499 3640 Probe
518 3583 575 3638 scio
599 3583 675 3653 apud
698 3583 897 3653 grammaticos
920 3582 1038 3651 latinos,
1061 3583 1140 3638 volut
1161 3583 1237 3653 apud
1261 3582 1417 3640 charisium

270 3675 329 3745 lp.
349 3681 413 3742 282,
433 3682 449 3730 9
468 3674 514 3744 K,
540 3673 615 3744 apud
643 3671 808 3728 Diomedem
834 3673 1079 3742 Ip.44'1‚sK.‚
1107 3673 1182 3742 apud
1209 3673 1351 3728 Donatum
1378 3673 1417 3726 lV

270 3782 297 3833 p.
314 3771 373 3832 398,
393 3771 426 3818 22
447 3763 493 3832 Κ.,
521 3761 741 3818 homoeotelenti
767 3762 910 3817 notionem
937 3760 1034 3831 paullo
1062 3761 1147 3816 latius
1175 3764 1284 3831 patere,
1313 3763 1417 3832 quippe

271 3855 320 3925 qui
342 3855 396 3908 hoc
419 3854 557 3908 vocabulo
581 3853 741 3907 ‘orationem
762 3853 829 3920 pori
855 3852 996 3906 uerborum
1015 3851 1091 3906 exitu
1115 3851 1235 3920 finitum'
1257 3849 1417 3920 significare

269 3943 388 3997 soleant.
438 3967 440 3970 ·

361 4051 389 4120 2)
407 4047 572 4104 Inscribitur
598 4047 650 4103 illa
677 4047 889 4102 commentatio:
919 4043 987 4102 ‘Dte
1013 4047 1275 4118 Aufeiuandrrsolpc
1301 4048 1417 4117 pleioter
1445 4027 1449 4036 ,

272 4141 337 4195 oder
355 4139 494 4194 dhnliclaer
517 4138 700 4193 Verssehldsse
719 4138 760 4192 bei
781 4135 871 4192 Ootd'.
1156 4197 1157 4202 η
1363 4203 1373 4211 ¹

361 4251 388 4311 3)
406 4244 570 4300 Inscribitur
585 4245 800 4314 ‘Benaaonqen
813 4244 880 4299 atbar
893 4245 945 4298 den
963 4244 1124 4298 marisam
1142 4244 1201 4297 mad
1218 4244 1415 4314 rhythmischcn

272 4337 349 4401 Bou,
366 4336 446 4390 seroie
463 4336 529 4391 dher
547 4335 601 4390 den
621 4335 765 4391 cerraccla
782 4335 829 4389 der
847 4333 1068 4390 Homoeoteleuta
1086 4333 1118 4387 io
1136 4334 1189 4388 dea
1206 4333 1351 4388 Disticten
1369 4333 1415 4388 dea

274 4423 374 4489 Oatall,
397 4423 497 4490 Tibull,
515 4425 634 4492 Propera
652 4423 711 4498 arrd
732 4423 824 4478 Ovid'.
