3346 4934
701 289 924 355 ..55-

327 451 582 518 Commenticiae
608 471 742 534 prorsus
771 454 847 514 sunt
871 471 936 534 res,
959 471 1041 533 quae
1065 449 1274 515 continentur
1296 448 1387 514 hisce

241 561 385 626 versibus
408 559 451 623 53
466 580 528 642 sq.:

370 683 438 748 ‘Tu
460 684 539 748 aaut
560 684 683 747 iuratus
700 702 759 764 per
781 682 914 746 uomina
933 683 1044 746 matris
1067 701 1199 762 aquosae

370 791 446 856 utile
468 791 587 856 duetus
609 790 674 872 ipse
694 789 792 868 secuse
814 785 904 870 copi?

325 940 354 982 v.
379 917 435 981 70:

370 1040 430 1107 ‘est
451 1040 543 1123 miti,
566 1059 644 1121 qaae
667 1038 758 1104 lenos
780 1037 901 1102 molliat
923 1043 999 1119 opta
1021 1039 1153 1104 uranus?

325 1189 354 1230 v.
381 1167 441 1231 101
467 1187 527 1249 sq.:

373 1289 445 1355 ‘Me
467 1291 631 1373 quaedam,
654 1287 793 1366 uacuum,
817 1287 976 1352 uminum
998 1289 1121 1370 captivo
1138 1288 1279 1353 vocator:

370 1393 567 1475 “Seruitia''
590 1397 670 1479 diui,
694 1394 858 1460 “mmiuis
879 1396 971 1460 aeldr's
993 1391 1125 1460 onus''.'

325 1522 366 1587 In
392 1521 505 1606 paucis
532 1522 584 1586 his
613 1519 845 1585 additamentis
873 1519 955 1584 nihil
979 1519 1085 1585 inesse
1109 1519 1269 1605 videmus,
1299 1521 1385 1604 quod

238 1633 279 1696 ab
304 1630 448 1695 Homero
473 1629 614 1693 alienum
638 1628 691 1692 sit.
1079 1634 1081 1641 ’

325 1735 501 1802 Nonnullis
530 1735 602 1800 aliis
630 1734 711 1800 locis
734 1734 831 1819 longe
855 1733 951 1797 aliter
975 1756 1025 1798 res
1050 1756 1119 1798 sese
1142 1734 1252 1799 habet.
1298 1733 1385 1798 Nam

237 1845 264 1910 si
288 1848 387 1929 poeta
415 1866 443 1907 v.
464 1843 505 1907 28
530 1841 664 1906 Aiacem
687 1839 900 1905 telamonium
925 1839 1047 1904 Achilli
1071 1841 1174 1926 gradu
1197 1842 1384 1926 propiorem

235 1952 403 2037 sanguinis
436 1949 536 2014 fuisse
570 1952 725 2032 testatur,
756 1970 825 2012 sese
854 1947 1115 2011 accommodasse
1143 1949 1306 2030 putandus
1334 1953 1385 2014 est

237 2059 276 2122 ad
297 2057 443 2123 fabulam
457 2056 602 2134 Homero
621 2055 781 2140 ignotam,
800 2076 864 2138 qua
877 2053 1021 2119 Aeacum
1040 2053 1226 2119 Telamonis
1245 2060 1279 2120 et
1292 2055 1384 2121 Pelei

236 2168 378 2248 patrem,
395 2165 507 2248 itaque
526 2162 660 2227 Aiacem
679 2166 713 2226 et
732 2161 895 2227 Achillem
913 2160 1031 2225 fratres
1050 2160 1151 2225 fuisse
1170 2163 1383 2247 percepimus

237 2270 385 2355 Itemque
403 2271 547 2336 nondum
567 2271 607 2334 ab
626 2268 771 2334 Homero
790 2269 980 2334 nominatur
996 2269 1131 2354 Aegina,
1150 2267 1250 2334 Aeaei
1270 2275 1384 2355 mater,

235 2377 325 2443 cuius
349 2401 378 2443 v.
395 2379 436 2443 73
459 2399 616 2443 unacum
635 2376 713 2441 Iove
733 2377 855 2441 mentio
874 2377 922 2460 fit,
946 2399 1019 2441 cum
1038 2375 1149 2456 Iovem
1168 2379 1295 2460 patrem
1315 2377 1382 2442 eius

233 2485 334 2550 trisse
354 2488 382 2552 Φ
400 2486 462 2551 189
482 2485 639 2570 legamus.
677 2483 805 2569 Aegina
824 2487 934 2549 autem
952 2484 1095 2568 primum
1110 2489 1384 2575 commemoratur

233 2592 348 2675 hymni
378 2593 413 2656 in
437 2591 623 2676 Apollinem
651 2591 773 2656 delium
796 2591 971 2674 compositi
994 2613 1090 2656 versu
1113 2589 1187 2670 31¹)
1210 2595 1244 2655 et
1267 2614 1286 2656 a
1308 2591 1382 2656 Pin-

236 2696 314 2760 daro
337 2695 434 2781 Pyth.
459 2697 541 2762 VIII
564 2700 606 2764 98
640 2703 673 2763 et
705 2698 821 2763 Isthm.
845 2697 910 2762 VH
939 2700 977 2764 18
1002 2721 1071 2783 sqq.
1113 2697 1152 2762 In
1184 2720 1221 2763 eo
1253 2721 1382 2782 quoque

235 2807 333 2886 poeta
361 2804 402 2869 ab
426 2803 570 2870 Homero
599 2806 747 2891 recessit,
775 2806 862 2890 quod
889 2805 1002 2871 v.136
1027 2805 1165 2870 Achillis
1189 2804 1293 2868 filiurn
1316 2829 1382 2871 non

235 2910 498 2997 Neoptolemum,
522 2913 578 2978 sed
600 2912 763 2997 Pyrrhum
787 2911 978 2997 appellavit3
1003 2912 1089 2994 quod
1110 2933 1229 2976 nomen
1253 2913 1381 2995 saepius

234 3019 372 3083 recurrit
404 3019 439 3082 in
467 3019 609 3102 epistula
639 3022 767 3097 octava,
800 3040 897 3102 quam
930 3017 970 3082 ad
999 3016 1202 3102 tragoediam
1230 3038 1380 3102 graecam

233 3125 469 3190 conformatam
493 3148 564 3190 esse
587 3128 704 3209 postea
727 3147 932 3210 exponemus.

322 3230 490 3316 Superest,
517 3236 555 3297 ut
578 3232 733 3297 addamus
757 3232 791 3297 in
814 3232 962 3297 versibus
986 3231 1131 3315 27-38‚
1155 3232 1272 3315 quihus
1297 3232 1381 3296 dona

232 3342 471 3422 enumerantur,
490 3338 666 3403 desiderari
685 3339 805 3423 viginti
818 3338 960 3403 Troades
980 3342 1013 3402 et
1033 3343 1158 3423 septem
1177 3339 1284 3422 urbeS,
1299 3360 1380 3422 quas

233 3447 240 3509 l
270 3445 330 3510 136
351 3466 419 3530 sqq.
444 3444 672 3530 Agamemnon
695 3468 765 3510 sese
784 3444 907 3510 Achilli
926 3446 1079 3509 daturum
1103 3469 1173 3510 esse
1197 3445 1379 3531 pollicetur.

233 3549 359 3614 Eodem
381 3549 454 3614 loco
479 3549 645 3615 omittitur
663 3550 886 3615 iusiurandum
906 3551 995 3635 illud,
1015 3574 1078 3636 quo
1098 3573 1154 3617 rex
1173 3574 1243 3618 sese
1262 3552 1379 3618 Brisei-

233 3657 305 3720 dem
329 3656 488 3721 intactam
512 3677 658 3720 servasse
682 3657 854 3722 confirmat
879 3659 885 3722 l
914 3657 1101 3743 lau-1343
1131 3659 1217 3742 quod
1241 3683 1260 3724 a
1282 3663 1380 3743 poeta

232 3762 335 3827 latino
358 3766 474 3846 postea
496 3762 644 3827 versibus
666 3765 842 3829 105-110
864 3769 939 3849 apte
963 3764 1104 3830 Briseidi
1126 3766 1191 3851 ipsi
1214 3766 1379 3832 tribuitur.

321 3869 479 3934 Videmus
506 3870 609 3955 igitur
637 3871 754 3936 tertiae
778 3871 937 3956 epistulae
962 3876 1128 3939 auctorem
1151 3873 1286 3938 Iliadem
1310 3878 1379 3940 tam

234 3976 377 4041 studiose
405 3975 585 4061 lectitasse,
612 3981 650 4042 ut
677 3979 807 4062 pusillis
836 4001 964 4063 quoqne
993 3982 1088 4046 rebus
1117 3984 1214 4064 atque
1244 3981 1378 4047 minutis

232 4082 422 4168 plerumque
445 4081 581 4148 Homeri
609 4084 738 4150 fabellis
762 4087 901 4171 nitatur,
928 4086 1100 4170 inprimis
1124 4091 1234 4152 autem
1256 4111 1378 4153 nonum

233 4189 353 4255 librum
373 4195 531 4275 quantum
547 4191 676 4275 quidem
690 4197 812 4277 posset,
831 4192 1014 4258 imitatione
1029 4192 1157 4258 videtur
1171 4194 1377 4278 expressisse.

323 4420 350 4488 1)
368 4420 450 4485 νηεόε
468 4421 494 4474 τ’
513 4419 624 4488 Αἰγίνη(
641 4423 812 4491 ναυεικλειτὴ
831 4424 857 4476 τ’
875 4422 984 4489 Εὔβοια,
