3346 4934
654 303 927 368 ...23-

246 487 336 529 more
360 463 523 528 rhetorico
543 463 595 527 his
615 463 682 528 fere
701 463 809 528 verbis
829 464 1017 548 compellat:
1042 463 1177 528 ‘Mittite
1197 486 1258 548 me,
1277 463 1393 547 Danai,

246 571 361 636 durum
380 574 478 654 atque
498 592 649 654 asperum
669 571 757 635 illius
777 571 921 636 animum
940 570 1113 656 mitigabo'
1134 567 1176 657 (v.
1193 567 1390 655 127—134).

246 678 350 754 Quam
384 699 475 762 spem
510 677 645 742 inritam
682 699 752 742 esse
784 678 871 742 haud
903 678 1058 762 ignorans
1093 677 1195 742 addit:
1237 677 1391 742 ‘Etiamsi

244 785 325 849 mihi
348 785 382 850 in
405 788 616 870 conspectum
644 788 737 849 tuum
760 785 869 849 venire
892 785 1072 869 nonlicet,
1100 789 1210 849 tamen
1237 785 1390 849 miserere

243 915 472 958 aerumnarum
490 914 644 977 mearum,
662 913 702 956 ne
722 883 881 957 desiderio
901 892 950 956 tui
970 895 1164 976 consumpta
1177 890 1388 976 praemoriar'

244 995 521 1083 ῌᾸῶ-ὦθ

332 1105 420 1170 Data
443 1127 542 1190 opera
564 1105 648 1171 hanc
672 1105 825 1171 carminis
845 1109 974 1190 partem
997 1105 1128 1170 uberius
1147 1105 1258 1190 paullo
1283 1127 1319 1169 ac
1343 1104 1390 1168 fu·

242 1212 309 1276 sius
339 1212 594 1297 explanavimus,
626 1217 664 1277 ut
690 1213 797 1277 nullas
825 1212 966 1296 ineptias
995 1211 1030 1275 in
1057 1234 1095 1276 ea
1122 1212 1227 1276 inesse
1257 1211 1389 1295 penitus

243 1317 489 1403 perspiceretur.

781 1463 854 1542 §2

329 1585 473 1650 Devenio
493 1587 534 1650 ad
548 1587 722 1651 secundam
737 1607 848 1650 earum
862 1584 1045 1668 heroidum,
1065 1607 1145 1669 quas
1160 1584 1388 1650 Lachmannus

241 1691 367 1776 spurias
392 1714 462 1757 esse
487 1693 627 1778 censuit,
652 1715 733 1776 quae
757 1693 798 1756 ab
820 1691 1011 1776 Hermione,
1035 1690 1252 1775 Neoptolemo
1276 1695 1388 1776 nupta,

240 1799 280 1862 ad
308 1799 457 1863 Orestem
486 1800 563 1864 data
591 1821 661 1863 esse
686 1799 831 1884 fingitur.
839 1795 864 1884 ¹)
911 1797 1005 1863 Hane
1033 1798 1207 1882 epistulam
1231 1798 1387 1863 Lehrsius

240 1928 438 1990 quamquam
455 1905 555 1970 nullis
575 1910 698 1971 scatere
718 1905 867 1970 versibus
882 1904 1033 1969 insiticiis
1049 1902 1251 1992 concessit2),
1276 1909 1386 1970 tamen

238 2015 325 2079 inter
350 2014 510 2098 pessimas
538 2015 684 2079 omnium
712 2013 945 2077 numerandam
974 2034 1043 2077 esse
1067 2013 1280 2098 existimavit.
1323 2011 1387 2076 Ite-

239 2145 311 2186 rum
331 2125 440 2185 autem
459 2124 557 2205 atque
576 2121 696 2208 iterum
715 2120 931 2205 reputandum
950 2123 1010 2203 est,
1029 2120 1136 2184 virum
1155 2119 1249 2184 illum
1268 2119 1386 2184 doetis-

239 2227 358 2291 simum
378 2226 474 2291 Ovidi
496 2227 663 2311 poematia
686 2248 786 2310 aeque
810 2225 908 2291 nimis
932 2226 1044 2311 magni
1062 2226 1178 2292 fecisse
1202 2231 1299 2310 atque
1320 2248 1386 2291 car-

239 2334 327 2398 mina
345 2332 464 2398 Horati
483 2334 593 2418 itaque
612 2334 847 2419 providendum
867 2356 946 2418 esse,
964 2356 1005 2398 ne
1024 2333 1059 2398 in
1077 2333 1128 2397 his
1148 2334 1245 2398 rebus
1264 2333 1384 2398 iudicio

238 2441 306 2506 eius
333 2464 393 2506 nos
427 2442 634 2507 subiciamus.
680 2441 790 2525 Atque
822 2446 860 2506 ut
893 2441 1102 2506 manifestum
1134 2441 1205 2524 fiat,
1239 2440 1316 2524 quid
1346 2440 1384 2504 de

237 2548 352 2613 Lehrsi
381 2549 542 2614 sententia
569 2549 776 2614 iudicandum
805 2549 862 2634 sit,
889 2549 955 2614 iam
983 2547 1125 2641 heyoidis
1154 2550 1384 2632 argumentum

238 2655 351 2739 paucis
375 2656 608 2720 enarrabimus.

326 2760 523 2825 Hermionae
551 2760 650 2826 verba
677 2761 757 2826 haec
780 2761 847 2826 fere
872 2765 961 2825 sunt:
994 2761 1139 2845 Pyrrhus
1167 2782 1217 2824 me
1246 2759 1384 2823 invitam

237 2869 357 2934 retinet
381 2869 466 2953 apud
489 2891 523 2933 se
548 2872 581 2932 et
604 2868 801 2932 renitentem
824 2867 1013 2934 iniuriosius
1041 2870 1170 2931 tractat·
1187 2863 1229 2950 (v.
1253 2864 1383 2950 1-14).

237 2974 342 3052 Quare
366 2976 500 3041 obsecro
520 2979 568 3061 te,
591 2974 723 3058 Oresta,
747 2979 844 3058 atque
864 2976 1022 3057 obtestor,
1044 2977 1081 3036 ut
1100 2972 1181 3036 mihi
1201 2972 1383 3036 subvenias,

236 3082 308 3148 Hoc
332 3105 449 3147 munus
472 3083 541 3146 iure
565 3081 704 3146 feminae
729 3081 791 3145 tibi
811 3081 999 3146 conlocatae
1018 3080 1150 3164 postulo
1169 3075 1211 3163 (v.
1229 3078 1384 3160 15—18).

236 3189 460 3255 Domesticum
483 3189 584 3253 habes
609 3188 749 3254 Menelai
773 3189 957 3271 exemplum
981 3187 1021 3251 ad
1044 3187 1252 3271 imitandum,
1279 3207 1382 3269 neque

237 3295 323 3358 enim
351 3296 482 3381 coniugi
509 3296 612 3359 laeso*
626 3299 721 3378 turpe
750 3300 800 3360 est
823 3301 960 3379 nuptam
988 3294 1074 3359 bello
1102 3297 1248 3376 repetere
1273 3290 1315 3376 (v.
1342 3293 1381 3356 19

237 3397 348 3486 -26).
387 3399 449 3465 Sed
473 3402 601 3466 etiamsi
623 3424 690 3466 non
713 3402 923 3467 matrimonio
943 3402 1025 3465 mihi
1044 3401 1235 3466 coniunctus
1254 3400 1382 3483 fuisses,

236 3511 347 3572 tamen
374 3510 406 3571 te
435 3507 515 3571 mihi
543 3509 692 3572 auxiliari
719 3531 850 3574 necesse
879 3513 942 3592 est,
971 3509 1047 3592 quia
1075 3507 1241 3572 artissimo
1266 3528 1382 3592 cogna-

236 3614 335 3679 tionis
359 3601 489 3679 iinculo
513 3618 661 3680 tenemur
682 3618 725 3701 (v.
744 3617 900 3700 27-30).
937 3615 1074 3681 Accedit
1093 3615 1180 3698 quod
1203 3614 1265 3679 tibi
1284 3618 1380 3680 antea

234 3725 332 3806 pacta
355 3743 428 3786 sum
451 3721 620 3806 Tyndareo
645 3727 776 3788 auctore
801 3745 898 3807 quam
917 3722 1044 3807 Pyrrho
1069 3721 1111 3807 (v.
1131 3721 1287 3806 31-36).
1320 3721 1381 3788 Oui

235 3829 290 3912 qui
314 3850 365 3892 me
389 3829 538 3913 tradidit,
565 3829 635 3914 ipse
657 3834 752 3914 pater
775 3852 865 3894 meus
889 3829 1011 3914 incepti
1035 3828 1162 3892 veniam
1189 3827 1252 3892 tibi
1275 3828 1381 3913 dabit3

233 3959 310 4000 nam
333 3940 371 4000 ut
389 3935 534 4020 Pyrrhus
558 3940 615 4001 tua
633 3937 706 4001 iura
728 3937 864 4001 violavit
883 3936 930 4001 sie
949 3935 1089 4000 Menelai
1109 3935 1271 4018 quondam
1286 3934 1379 3998 Paris

235 4040 276 4127 (v.
301 4043 455 4128 37-42).
501 4041 615 4127 Neque
639 4066 714 4108 vero
739 4047 776 4108 tu
801 4044 911 4108 cedere
938 4042 1034 4108 debes
1058 4041 1176 4126 Pyrrhi
1200 4040 1379 4106 virtutibus

234 4170 337 4232 neque
360 4148 449 4213 illius
474 4143 613 4214 maiores
637 4150 797 4236 dignitate
821 4155 896 4215 tuos
925 4148 1119 4216 antecedunt
1146 4147 1187 4232 (v.
1212 4145 1379 4234 43-53).

324 4343 349 4410 1)
368 4341 490 4397 Numero
509 4343 601 4397 exstat
620 4344 726 4398 octavo.

323 4431 350 4499 2)
369 4431 400 4485 L.
420 4430 438 4486 l.
458 4450 485 4501 p.
500 4429 643 4486 CCXXIX.
