3346 4934
744 279 960 342 ..24-

281 438 408 522 Pyrrho
433 442 543 502 autem
571 439 637 503 tuis
661 438 812 502 laudibus
837 438 1035 503 obtrectauti
1064 442 1097 501 et
1121 437 1274 523 Aegisthi
1298 439 1429 504 caedem

281 544 343 610 tibi
366 546 487 630 probro
511 546 665 630 vertenti,
690 545 824 628 obloqui
848 545 929 610 mihi
952 568 1018 610 non
1036 545 1115 610 licet
1133 567 1236 629 neque
1256 544 1430 629 quicquam

280 652 345 718 nisi
368 652 538 717 lacrimare
562 653 758 736 permissum
782 651 828 734 (v.
852 652 1016 734 54-64).
1062 650 1116 716 An
1139 651 1244 716 fatum
1268 652 1430 735 quoddam

282 759 438 824 divinitus
461 759 526 823 toti
549 760 641 844 genti
663 759 835 824 imminet?
868 759 921 824 Ita
943 781 1020 824 vero
1045 763 1109 844 est3
1132 780 1193 845 ego
1218 780 1344 842 quoque
1369 764 1430 825 sub

269 866 352 931 eius
371 864 627 932 dominationem
642 866 789 932 subiecta
804 889 876 931 sum
891 863 934 953 (v.
950 863 1108 952 65-82).
1133 866 1269 931 Utinam
1283 865 1430 932 Achilles

282 971 419 1056 viveret,
447 994 513 1036 non
537 973 670 1056 sineret,
698 996 749 1038 me
773 977 841 1037 tam
865 973 935 1037 dira
957 963 1084 1058 perpeti
1108 970 1151 1060 (v.
1171 970 1326 1058 83-86).
1367 974 1430 1039 Ec·

284 1078 361 1163 quid
384 1079 418 1142 in
441 1078 518 1144 deos
541 1080 686 1165 peccavi,
714 1103 787 1145 cum
816 1103 834 1145 a
861 1081 999 1165 parvula
1024 1103 1091 1145 non
1118 1081 1183 1145 nisi
1211 1081 1345 1145 adversa
1367 1081 1431 1145 for-

284 1189 364 1250 tuna
387 1208 446 1250 usa
469 1187 554 1251 sim?
579 1184 621 1271 (v.
646 1185 824 1273 87-100.)
870 1186 942 1252 Hoc
965 1210 1065 1252 uuum
1094 1188 1175 1253 mihi
1199 1189 1280 1252 bene
1304 1210 1341 1252 ac
1364 1187 1432 1252 feli-

284 1293 366 1358 citer
389 1292 510 1377 evenit,
538 1293 625 1376 quod
653 1297 686 1359 te
715 1294 886 1380 coniugem
913 1299 1011 1359 nacta
1039 1317 1126 1380 sum3
1155 1295 1211 1359 sed
1239 1297 1276 1358 tu
1304 1316 1432 1377 quoque

284 1400 366 1464 mihi
390 1403 521 1484 ereptus
545 1423 578 1464 es
598 1399 641 1486 (v.
663 1401 861 1484 101—104).
899 1400 987 1478 Quae
1012 1424 1086 1466 cum
1109 1403 1157 1466 ita
1176 1401 1252 1485 sint,
1274 1405 1431 1486 perpetuo

285 1507 454 1590 dirumpor
477 1506 601 1591 dolore,
627 1528 722 1590 quem
747 1508 798 1571 die
821 1507 987 1592 leviorem,
1009 1511 1105 1572 nocte
1124 1509 1177 1572 vix
1198 1508 1280 1573 ferre
1298 1530 1432 1592 possum

285 1613 327 1697 (v.
352 1613 555 1698 105—116);
576 1613 688 1697 itaque
711 1637 770 1699 per
793 1614 903 1678 divina
921 1614 1127 1699 humanaque
1150 1615 1236 1700 iuro,
1260 1615 1356 1679 malle
1380 1638 1431 1680 me

285 1724 425 1785 mortem
455 1724 697 1804 praematuram
731 1725 884 1805 oppetere
918 1744 1015 1805 quam
1048 1726 1081 1786 te
1114 1721 1183 1786 viro
1216 1721 1365 1808 legitimo
1399 1726 1432 1786 et

286 1830 395 1892 amato
421 1849 529 1892 carere
553 1823 595 1910 (v.
621 1828 732 1892 117--
742 1824 828 1912 122).

373 1935 425 1999 Ex
447 1934 504 2018 iis,
528 1955 609 2018 quae
633 1936 729 1999 modo
753 1935 975 2019 exposuimus,
999 1935 1034 1999 in
1056 1936 1118 2000 hac
1142 1958 1269 2020 quoque
1293 1933 1433 2020 epistula

286 2040 443 2106 orationis
472 2041 692 2106 subtilitatem
719 2065 881 2126 nusquam
912 2043 1062 2107 imminui
1090 2043 1171 2107 satis
1200 2065 1354 2127 apparere
1385 2066 1432 2106 ar·

285 2148 399 2212 bitror.
407 2145 431 2234 l)

827 2311 900 2390 §a

374 2433 518 2499 Transeo
542 2435 583 2499 ad
605 2457 725 2500 nonam
749 2435 936 2519 epistulam,
964 2457 1045 2518 quae
1070 2458 1089 2498 a
1112 2435 1266 2500 Deianira
1290 2437 1330 2500 ad
1353 2436 1433 2502 Her-

286 2540 390 2605 culem
412 2540 523 2625 paullo
547 2545 662 2626 postea
686 2541 808 2626 scripta
831 2542 967 2627 fingitur
990 2564 1088 2625 quam
1116 2541 1165 2605 illi
1194 2545 1318 2606 vestem
1342 2543 1433 2608 misit

285 2646 383 2712 Nessi
403 2647 560 2732 sanguiue
579 2645 787 2733 perfusam.²)
816 2647 887 2712 Iam
906 2648 1082 2731 videamus,
1101 2651 1230 2714 rectene
1245 2646 1434 2734 Lehrsius3)

285 2777 357 2819 eam
380 2754 520 2819 maxime
544 2753 750 2818 invenustam
779 2759 876 2837 atque
904 2754 1127 2839 iniucundam,
1156 2755 1432 2821 crassiore'Musa

287 2860 517 2944 compositam,
541 2858 679 2943 denique
702 2860 896 2925 vilissimam
919 2861 1140 2945 appellaverit.

375 2967 475 3032 Initio
501 2967 653 3032 carminis
675 2967 831 3032 Deianira
853 2966 987 3033 Herculi
1011 2969 1049 3033 dc
1074 2968 1247 3034 Oechaliae
1272 2989 1432 3052 expugna-

287 3075 376 3139 tione
401 3074 567 3158 gratulata
591 3075 814 3158 conqueritur,
839 3075 925 3158 quod
948 3075 982 3139 in
1006 3075 1092 3140 Ioles
1116 3097 1260 3139 amorem
1283 3073 1433 3139 inciderit

286 3186 328 3266 (v.
355 3184 382 3246 1.
406 3179 450 3267 2).
497 3180 579 3245 Viro
604 3181 689 3245 enim
713 3185 782 3245 tam
805 3181 885 3246 forti
909 3204 942 3246 se
970 3182 1096 3265 puellae
1119 3181 1278 3266 potestati
1300 3182 1433 3266 permit-

286 3294 355 3354 tere
380 3311 507 3353 summo
531 3310 602 3352 esse
621 3288 769 3352 dedecori
792 3289 834 3371 (v.
859 3289 970 3369 3-6).
1017 3287 1133 3370 ltaque
1157 3287 1379 3372 Eurystheum
1399 3293 1433 3353 et

286 3396 459 3480 Iunonem,
483 3396 539 3479 qui
562 3395 631 3459 eius
652 3395 718 3459 sint
736 3395 969 3479 inimicissimi,
992 3395 1200 3460 vehementer
1222 3395 1346 3460 laetari.
1384 3395 1434 3461 lo·

287 3525 360 3566 vem
387 3505 515 3586 patrem
543 3502 721 3586 aegerrime
749 3501 848 3586 ferre,
881 3502 967 3585 quod
993 3501 1054 3566 hac
1082 3503 1211 3566 macula
1240 3503 1326 3567 vitae
1357 3525 1434 3567 suae

288 3609 493 3693 splendorem
518 3609 693 3693 asperserit
716 3612 756 3688 (v.
778 3607 909 3694 7-10).
955 3607 1066 3692 Atque
1089 3613 1127 3673 ut
1150 3632 1188 3674 eo
1213 3610 1317 3694 magis
1341 3610 1434 3674 illum

288 3716 447 3781 mollitiae
472 3738 548 3780 suae
571 3717 704 3800 pudeat,
727 3717 879 3780 admonet
904 3738 1119 3800 cumrerum,
1142 3738 1222 3799 quas
1242 3716 1321 3780 olim
1340 3715 1435 3781 luno-

286 3823 338 3887 nis
361 3845 429 3888 non
444 3822 581 3887 Veneris
603 3824 695 3888 iussu
720 3827 788 3888 tam
812 3822 978 3907 praeclare
1003 3823 1155 3907 gesserit,
1179 3827 1304 3887 utnon
1329 3824 1434 3888 solum
1487 3847 1495 3856 ·

379 4054 405 4121 1)
425 4051 501 4118 Quae
530 4050 671 4106 Petersius
698 4053 717 4107 l.
737 4053 755 4106 l.
784 4071 810 4121 p.
831 4058 865 4106 30
880 4069 940 4120 sqq.
973 4050 1093 4121 protulit
1125 4054 1304 4120 argumenta,
1333 4051 1434 4120 quibus

287 4157 384 4195 versus
405 4145 509 4195 77—80
533 4141 562 4193 in
585 4140 774 4210 suspicionem
799 4141 925 4209 vocaret,
952 4157 986 4194 ea
1008 4140 1115 4195 caduca
1139 4157 1201 4194 esse
1220 4141 1304 4208 atque
1328 4139 1436 4194 incerta

287 4228 343 4284 iam
363 4229 526 4284 Ehwaldius
546 4229 687 4284 intellexit
705 4228 837 4283 Bursiani
857 4229 963 4283 aunall.
984 4229 1073 4283 XXXI
1092 4247 1118 4298 p.
1136 4235 1194 4282 175.

377 4321 405 4387 2)
424 4317 464 4374 cf.
483 4337 508 4374 v.
527 4324 576 4371 143
592 4335 651 4386 sqq.

377 4411 405 4478 3)
423 4407 452 4462 L.
472 4408 489 4461 l.
510 4426 536 4476 p.
552 4404 688 4460 CCXLIX.
