3326 4930
314 742 388 806 Iure
403 741 619 828 Hultgrenius
643 743 664 808 l.
683 743 703 808 l.
718 745 750 807 II
769 768 800 829 p.
817 746 856 809 18
878 745 1016 828 apoetis
1036 745 1188 830 elegiacis
1208 767 1245 808 eo
1266 745 1372 809 minus

224 853 449 931 pentametros
476 850 510 913 in
534 850 641 914 medio
666 855 698 914 et
722 851 756 914 in
776 852 842 916 fine
867 856 1081 916 consonantes
1105 852 1204 916 vitari
1227 852 1374 936 potuisse

226 956 358 1040 statuit,
391 979 454 1040 quo
485 957 591 1042 magis
625 956 771 1040 epitheta
804 958 845 1021 ab
878 957 1092 1023 substantivis
1126 959 1173 1022 ita
1206 957 1374 1043 seiungere

227 1064 403 1147 studerent,
426 1068 463 1128 ut
487 1065 627 1128 alterum
650 1064 685 1128 in
707 1064 770 1127 fine
794 1065 921 1147 prioriS,
946 1064 1084 1130 alterum
1103 1067 1137 1129 in
1156 1065 1219 1129 linc
1239 1065 1373 1129 alterius
1433 1125 1434 1128 ,

225 1169 328 1252 partis
358 1171 574 1235 conlocarant.
620 1171 669 1236 De
699 1171 877 1236 artificiosa
908 1171 970 1236 hac
998 1173 1279 1238 substantivorum
1309 1171 1373 1255 cpi-

225 1275 456 1360 thetorumque
493 1277 706 1361 dispositione
743 1277 813 1341 fuse
847 1277 1026 1361 disputavit
1064 1277 1261 1343 Gualtherus
1291 1276 1373 1341 Geb-

225 1383 318 1446 hardi
346 1383 381 1446 in
404 1383 633 1452 dissertatione
657 1385 883 1468 regimontana
907 1407 936 1448 a.
956 1384 1050 1467 1870,
1079 1407 1159 1468 quae
1183 1384 1374 1450 inscribitur

226 1488 278 1554 ‘de
307 1489 424 1554 Tibulli
451 1490 608 1572 Propertii
637 1489 740 1554 Ouidii
767 1490 905 1556 distichis
932 1483 1143 1571 quaestionum
1170 1492 1373 1574 clepiaeoram

225 1597 395 1678 specimea’.
428 1595 461 1660 Is
486 1597 524 1661 de
548 1597 746 1682 heroidibus,
771 1619 851 1680 quas
876 1597 1094 1662 silentionon
1112 1598 1290 1682 praeteriit,
1308 1620 1375 1661 non

227 1703 367 1767 multum
392 1703 487 1767 aliter
510 1703 638 1768 videtur
661 1687 821 1769 iudicasse
847 1725 944 1786 quam
959 1701 1123 1788 Lehrsius,
1144 1704 1263 1788 quippe
1283 1704 1373 1768 cuius

228 1810 335 1874 cultor
359 1832 429 1875 esse
454 1814 551 1894 atque
576 1810 763 1895 discipulus.

315 1935 384 1999 lam
403 1956 468 1999 uno
491 1957 565 1999 cum
588 1935 646 2000 illo
669 1935 812 2031 primum
837 1935 1079 2000 substantivum
1100 1936 1213 2000 littera
1231 1957 1259 2019 a,
1283 1935 1374 1999 attri-

226 2041 341 2105 butum
374 2041 443 2106 eius
476 2041 589 2106 littera
612 2042 642 2126 b,
675 2042 814 2107 alterum
845 2041 1099 2130 substantivum,
1118 2043 1185 2106 eius
1214 2042 1326 2106 littera
1345 2063 1375 2126 a,

228 2147 426 2212 attributum
450 2147 520 2212 eius
543 2149 656 2212 littera
676 2145 693 2228 β
717 2147 898 2234 signamus3
928 2147 1049 2212 lineola
1073 2153 1183 2214 autem
1206 2149 1373 2234 perpendi-

151 2327 152 2332 *
227 2253 329 2318 culari
349 2257 354 2332 Ι
382 2253 550 2320 incisionis
573 2254 664 2319 locus
687 2255 858 2320 indicatur.

314 2359 482 2444 E'tabula
510 2403 529 2443 a
553 2378 739 2444 Gebhardio
769 2379 993 2445 dissertationi
1023 2401 1099 2444 suae
1128 2380 1280 2444 adiuncta
1301 2402 1374 2464 per-

226 2485 377 2569 spicitur,
401 2488 486 2570 apud
509 2485 685 2572 Tibullum,
709 2486 926 2572 Propertium,
949 2485 984 2550 in
1004 2486 1100 2576 Ovidi
1120 2485 1238 2570 Fastis,
1261 2486 1374 2552 Tristi-

227 2591 297 2674 bus,
321 2591 482 2675 Ilpistulis
507 2615 546 2656 ex
563 2591 670 2657 Ponto
695 2593 780 2658 datis
799 2593 939 2658 formam
958 2593 976 2657 b
996 2597 1001 2672 l
1024 2599 1095 2672 βαα
1113 2615 1183 2660 esse
1202 2592 1375 2658 usitatissi-

228 2719 328 2781 mam,
356 2698 468 2762 eadem
496 2697 531 2762 in
553 2695 741 2764 heroidibus
765 2698 824 2764 III.
848 2698 939 2764 VIII.
958 2698 1014 2762 IX.
1033 2699 1231 2763 XH—XIV
1255 2700 1374 2785 saepis·

228 2803 308 2868 sime
342 2804 497 2890 occurrit,
529 2805 647 2890 viginti
684 2806 790 2870 tribus
823 2806 913 2870 locis.
959 2805 998 2869 In
1036 2806 1232 2870 carminibus
1265 2811 1375 2871 autem

227 2912 384 2976 amatoris
408 2911 514 2976 forma
536 2912 578 2992 ὒβ
598 2915 603 2991 Ι
623 2933 669 2976 αα
691 2913 834 2996 primum
857 2912 986 2978 obtinet
1008 2912 1127 2998 locum,
1146 2934 1227 2995 quae
1251 2913 1286 2977 in
1308 2912 1374 2978 illis

226 3019 414 3083 heroidibus
434 3019 539 3083 decies
563 3019 684 3103 septies
708 3019 889 3084 adhibetur.
926 3019 1040 3103 Neque
1064 3042 1140 3084 vero
1159 3019 1193 3082 in
1217 3040 1254 3083 eo
1279 3020 1375 3084 offen·

227 3126 366 3192 dandum
386 3147 465 3211 esse,
485 3127 571 3210 quod
596 3123 800 3190 Gebhardius
824 3149 853 3209 p.
871 3128 910 3190 17
926 3149 992 3190 non
1014 3125 1185 3211 indignum
1203 3126 1303 3198 videri
1329 3127 1388 3191 air

228 3233 410 3316 observatu,
430 3233 587 3316 epistulas
606 3232 664 3296 ΙΙΙ.
683 3231 756 3297 XlI.
776 3231 836 3296 XX
860 3255 897 3297 ea
920 3232 1027 3318 figura
1050 3255 1172 3318 carere,
1196 3234 1251 3298 sed
1274 3255 1374 3318 parvo

227 3360 394 3426 versuum,
422 3348 505 3420 quae
538 3340 571 3403 in
604 3339 742 3425 singulis
770 3339 895 3423 insunt,
927 3362 1062 3406 numero
1090 3341 1121 3405 id
1151 3340 1277 3406 factum
1305 3363 1375 3405 esse

227 3445 324 3512 facile
356 3449 468 3530 potest
500 3445 729 3528 demonstrari,
767 3447 862 3510 modo
901 3447 1139 3513 animadvertas
1172 3446 1244 3512 Art.
1275 3446 1375 3511 am.I

227 3577 255 3617 v.
277 3553 460 3635 raa-294,
483 3551 540 3615 ubi
562 3573 629 3616 non
652 3553 758 3617 solum
781 3552 861 3617 haec
885 3553 1004 3638 figura,
1027 3577 1140 3619 verum
1163 3554 1263 3618 etiam
1285 3553 1376 3639 prior

228 3660 286 3724 illa
308 3660 326 3724 b
346 3665 350 3740 l
374 3666 442 3740 βαα
465 3679 599 3742 prorsus
623 3657 834 3724 desideratur.

317 3783 355 3849 Id
382 3784 464 3848 mihi
491 3782 596 3847 multo
629 3783 735 3869 magis
767 3785 949 3868 urgendum
977 3785 1117 3867 videtur,
1150 3784 1237 3869 quod
1269 3784 1376 3869 figura

229 3889 371 3978 assblu,
399 3913 481 3974 quae
511 3890 655 3954 omnium
688 3927 724 3936 -
757 3894 833 3954 sunt
862 3895 971 3956 autem
999 3891 1118 3976 viginti
1147 3895 1304 3975 quattuor
1332 3929 1374 3936 —

227 4019 292 4062 una
316 3998 400 4081 apud
424 3995 577 4062 Ovidium
604 4020 670 4063 non
699 4002 820 4090 eistat,
849 3999 948 4064 etiam
976 3999 1011 4063 in
1033 3997 1222 4063 heroidibus
1245 4021 1311 4064 non
1334 3999 1377 4062 le-

229 4104 325 4188 gitur.
372 4102 465 4179 Quod
495 4127 568 4169 cum
597 4104 637 4169 ad
661 4105 858 4169 sententiam
883 4128 974 4170 suam
997 4128 1063 4170 non
1086 4106 1167 4170 bene
1192 4106 1376 4191 quadraret,

230 4207 434 4275 Gebhardius
464 4211 577 4275 callide
611 4211 742 4276 silentio
775 4213 954 4295 praeteriit.
974 4282 981 4286 ,
1005 4211 1075 4278 Nec
1103 4212 1136 4276 id
1164 4213 1295 4297 quidem
1324 4214 1376 4279 ad·

228 4317 356 4382 notavit
383 4317 506 4383 formas
535 4314 663 4405 adalb
692 4323 725 4382 et
754 4316 899 4406 aebli,
932 4342 1013 4405 quae
1046 4320 1146 4386 semel
1174 4321 1224 4385 vel
1257 4321 1309 4384 bis
1342 4321 1376 4384 in

230 4423 325 4488 Ovidi
355 4425 563 4492 carminibus.
583 4425 714 4490 obviam
741 4426 831 4511 fiant,
864 4431 897 4492 et
920 4426 1042 4494 formas
1065 4425 1205 4515 biatu,
1233 4425 1375 4516 bssula,
