3326 4930
313 661 455 730 Octavae
487 661 630 725 heroidis
659 660 804 725 fabulam
838 682 905 724 non
933 683 949 724 e
978 659 1120 724 carmine
1151 659 1241 744 epico
1271 660 1326 724 sed
1356 683 1372 724 e

226 770 396 857 tragoedia
419 768 530 852 aliqua
549 771 721 858 sumptam,
734 789 804 832 esse
822 767 994 851 perpaucis
1015 770 1126 851 potest
1145 767 1372 832 demonstrari.

224 877 338 962 Neque
362 876 449 940 enim
472 873 569 939 facile
598 874 769 959 quisquam
799 874 926 958 epicum
954 895 1086 938 carmen
1113 874 1371 960 investigaverit,

224 1007 288 1069 quo
320 982 460 1048 historia
492 983 530 1046 de
563 980 742 1046 Hermiona
774 982 870 1046 modo
904 981 1080 1046 exornandi
1114 1004 1212 1046 causa
1245 981 1372 1045 intexta

224 1091 418 1174 reperiatur,
448 1089 568 1153 nedum
599 1092 707 1153 totum
736 1089 794 1153 illa
825 1089 1042 1173 compleatur,
1073 1089 1159 1172 quod
1190 1092 1305 1153 contra
1335 1110 1373 1150 ex

226 1197 412 1263 abundante
436 1196 621 1260 dramatum
645 1218 837 1282 graecorum
861 1196 955 1281 copia
983 1195 1164 1279 compluria
1191 1195 1278 1258 ultro
1303 1215 1372 1258 sese

226 1303 381 1388 offeumt,
417 1324 499 1386 quae
530 1303 564 1366 in
601 1303 863 1388 disquisitionem
895 1303 1006 1367 vocari
1043 1306 1171 1386 queant.
1227 1300 1372 1383 Accedit,

226 1411 311 1495 quod
339 1409 465 1474 Birtius
493 1409 829 1475 animadversionibus
860 1432 959 1493 supra
987 1409 1128 1473 laudatis
1160 1409 1194 1472 in
1222 1407 1371 1492 epistulis

225 1517 283 1602 IV,
310 1516 354 1600 X,
386 1515 451 1579 XII
488 1517 718 1601 componendis
758 1516 930 1600 Sophoclis
968 1519 1001 1579 et
1035 1515 1202 1598 Euripidis
1239 1513 1367 1577 fabulas

226 1623 343 1688 Ouidio
367 1622 418 1687 vel
447 1623 491 1708 ei,
519 1624 573 1706 qui
603 1624 697 1688 illum
726 1627 857 1688 secutus
886 1627 950 1701 est,
978 1623 1018 1686 ad
1047 1622 1241 1686 imitandum
1269 1619 1370 1684 fuisse

225 1729 412 1815 propositas
436 1730 601 1814 praeclare
626 1732 783 1815 ostendit,
811 1731 859 1795 ita
886 1735 924 1794 ut
948 1752 1059 1794 earum
1081 1728 1252 1792 heroidum
1275 1727 1372 1790 ratio-

224 1860 298 1903 nem
325 1838 421 1921 plane
450 1837 585 1902 eandem
614 1860 685 1904 esse
714 1841 840 1923 pateat,
870 1859 968 1922 quam
995 1837 1030 1900 in
1053 1836 1204 1920 epistulis
1227 1834 1242 1898 I
1266 1837 1300 1898 et
1323 1833 1372 1896 Ill

147 1929 160 1948 ’
225 1945 264 2008 ad
287 1943 424 2009 Homeri
444 1945 628 2028 exemplum
652 1945 813 2030 expressis
838 1944 1019 2009 adhibitam
1043 1965 1112 2008 esse
1131 1942 1280 2007 vidimus.
1322 1939 1369 2003 Ac
1478 1987 1481 1992 .

224 2050 332 2116 nescio
357 2073 399 2114 an
421 2073 488 2116 non
505 2074 616 2138 nemo,
644 2053 700 2136 qui
726 2053 811 2117 hanc
839 2052 1014 2137 epistulam
1042 2049 1234 2134 inspexerit,
1263 2047 1369 2130 primo

227 2158 349 2242 cogitet
368 2159 406 2222 de
425 2157 598 2244 Euripide,
621 2182 640 2224 a
659 2182 722 2244 quo
743 2160 869 2225 Orestis
890 2164 923 2223 et
937 2158 1185 2223 Andromachae
1204 2154 1371 2219 fortunam

227 2288 299 2330 anm
329 2264 528 2330 Hermionae
558 2267 627 2330 vita
657 2267 821 2332 artissime
852 2267 996 2331 iunctam
1027 2265 1153 2328 duobus
1185 2260 1372 2347 tragoediis,

226 2394 306 2457 quae
327 2374 367 2437 ab
391 2372 458 2436 illis
477 2373 610 2437 nomina
629 2378 808 2460 traxerunt,
831 2372 1001 2437 inlustrari
1025 2393 1151 2454 omnes,
1176 2369 1231 2453 qui
1250 2365 1370 2431 litteris

224 2485 300 2544 sunt
324 2480 531 2564 eruditiores,
555 2482 656 2564 probe
681 2483 797 2546 sciunt.
827 2479 890 2546 Sed
910 2501 1106 2563 quamquam
1125 2477 1160 2541 in
1178 2476 1230 2541 his
1250 2474 1371 2540 fabulis

224 2608 276 2650 res
299 2588 475 2651 nonnullae
493 2586 610 2672 insint,
634 2611 715 2672 quae
740 2589 839 2653 etiam
854 2588 889 2651 in
908 2591 1023 2651 octava
1038 2585 1179 2669 epistula
1194 2585 1371 2666 recurrant,

226 2693 311 2757 sicut
329 2716 388 2777 par
407 2697 457 2758 est
476 2694 511 2758 in
531 2695 694 2759 consimili
714 2697 925 2781 argumento,
948 2696 1059 2756 tamen
1078 2690 1237 2775 epistulae
1262 2692 1370 2753 aucto-

227 2821 295 2863 rem
320 2799 394 2863 illas
419 2800 506 2884 ipsas
531 2803 691 2867 evolvisse
715 2826 781 2869 non
808 2803 904 2866 modo
934 2799 1140 2884 comprobari
1163 2819 1229 2862 non
1252 2799 1373 2880 potest,

226 2908 462 2972 verumetiam
485 2909 618 2974 minime
648 2913 699 2974 est
721 2908 912 2993 verisimile,
941 2906 968 2970 si
996 2928 1109 2986 versus
1137 2905 1269 2970 31—36
1299 2923 1371 2966 con-

223 3015 431 3098 templemur,
458 3015 519 3079 ubi·
544 3014 721 3081 Hermione
751 3015 860 3080 Oresti
889 3013 1081 3098 persuadere
1110 3014 1241 3093 conata,
1268 3012 1306 3072 ut
1336 3029 1370 3071 se

223 3120 328 3204 ipsam
354 3146 374 3186 a
396 3121 516 3206 Pyrrhi
539 3122 667 3188 iniuriis
691 3123 842 3207 vindicet,
865 3121 982 3185 haecce
1005 3119 1164 3202 loquitur:

356 3263 429 3328 ‘Mc
452 3265 507 3330 titi
531 3266 724 3350 Tyndareus
748 3268 813 3331 vitu
832 3267 939 3349 praeis
962 3267 1069 3328 auctor
1091 3267 1119 3326 et
1141 3261 1250 3345 annia,

356 3373 492 3436 tradidit.
539 3373 705 3438 arbitrium
727 3375 827 3456 neptis
849 3373 978 3438 habebat
1000 3391 1085 3435 aeus.

355 3496 435 3541 cum
448 3479 504 3542 titi
525 3481 686 3563 scribebam,
710 3481 791 3546 ualli
813 3502 882 3545 mco
905 3481 995 3544 tuedo
1017 3477 1154 3542 nocebat:

357 3573 388 3650 si
412 3586 526 3668 isuper
548 3587 683 3671 Pyrrho,
708 3593 741 3652 ta
762 3588 840 3652 mihi
864 3589 964 3652 laesus
986 3584 1066 3650 eria’

311 3746 452 3811 Tantum
468 3747 554 3810 enim
569 3748 676 3832 abest,
699 3752 737 3813 ut
751 3747 924 3830 Euripides
939 3743 1141 3809 Hermionen
1160 3765 1179 3805 a
1197 3740 1367 3824 Tyndareo

223 3853 334 3917 Oresti
358 3853 552 3918 collocatam
576 3877 646 3918 esse
670 3855 815 3938 finxerit,
846 3852 996 3916 Menelao
1020 3851 1123 3914 filiam
1148 3849 1273 3932 Pyrrho
1298 3870 1370 3930 pro-

221 3960 387 4043 mittente,
410 3963 448 4024 ut
471 3958 576 4025 Orest.
600 3982 630 4026 v.
656 3960 741 4025 1654
761 3982 830 4044 sqq.
856 3958 1044 4042 Apollinem
1070 3957 1104 4019 in
1127 3956 1213 4019 hunc
1237 3956 1370 4020 modum

220 4068 320 4132 verba
342 4067 448 4132 facere
472 4067 652 4132 videamus:

398 4207 452 4290 ἐφ’
474 4210 511 4290 ἦ(
535 4209 564 4274 δ’
586 4210 682 4289 ἔχειν,
706 4207 852 4289 ’oseae
876 4209 1043 4289 φάεγανον
1068 4209 1157 4290 δέρῃ,

398 4324 496 4398 γῆμαι
519 4317 685 4396 πέπρωταί
709 4315 735 4381 c’
756 4316 929 4396 Ἑρμιόνην.
976 4317 1012 4380 ὃ(
1037 4314 1136 4380 οἴεται

400 4423 625 4503 Νεοπτόλεμο(
648 4428 762 4503 γαμεῖν
786 4443 848 4502 νιν,
873 4423 913 4486 οὐ
937 4427 1030 4501 γαμεῖ
1054 4442 1142 4486 ποτε.

1118 4523 1155 4578 5*
