3326 4930
700 351 921 415 ..85-

778 563 835 628 vr.

770 709 790 786 s
816 708 844 771 1.

324 834 395 899 Iam
419 855 492 898 cum
516 833 554 896 de
578 830 802 916 grammaticis
822 831 1016 915 quibusdam
1040 832 1137 896 rebus
1163 833 1304 897 scribere
1329 857 1383 917 pa·

234 947 325 1006 raius
348 963 467 1023 essem,
494 961 561 1004 non
588 938 692 1003 invito
716 937 797 1002 mihi
810 1021 813 1028 ,
826 938 980 1022 contigit,
1008 942 1045 1002 ui
1068 961 1278 1024 programma
1302 941 1382 1005 acci-

233 1072 344 1134 perem
362 1070 466 1133 nuper
486 1069 504 1110 a
523 1044 689 1130 Draegero
709 1044 823 1108 Aurioi
847 1043 1049 1130 emissum,¹)
1073 1068 1136 1129 quo
1157 1047 1195 1110 de
1214 1047 1381 1112 vocabulis

235 1155 275 1220 ab
308 1155 425 1220 ovidio
457 1153 598 1218 inventis
629 1173 739 1236 presso
773 1151 979 1235 strictimque
1012 1154 1111 1217 verba
1147 1153 1233 1218 fecii.
1288 1153 1380 1218 Duos

234 1267 343 1327 aulem
366 1262 496 1325 libellos
520 1260 558 1323 de
582 1259 694 1323 eadem
718 1281 752 1323 re
777 1281 796 1322 a
819 1258 987 1324 Ludovico
1015 1258 1151 1325 Scheibe
1178 1264 1211 1324 ei·
1234 1260 1258 1325 I.
1278 1261 1381 1325 Favre

233 1369 440 1453 conscriptos
465 1391 539 1432 eum
570 1366 701 1430 omnino
732 1389 800 1430 non
825 1366 946 1430 vidisse
970 1367 1062 1431 valde
1091 1368 1264 1432 dolendum
1289 1365 1380 1453 est.²>

232 1475 282 1541 Ea
310 1475 396 1539 enim
423 1497 458 1538 re
485 1472 611 1537 facium
640 1476 705 1556 esi,
733 1476 770 1536 ui
799 1472 968 1555 scrupulus
997 1472 1032 1536 in
1054 1473 1234 1558 legentium
1257 1475 1375 1539 animis

232 1583 373 1647 resideat
392 1582 430 1646 de
449 1580 490 1644 iis
508 1579 691 1662 vocabulis,
711 1601 792 1662 quae
813 1579 938 1643 Favero
957 1583 1042 1644 iesie
1062 1581 1103 1644 ab
1123 1579 1238 1645 Ovidio
1258 1586 1379 1647 novata

233 1690 268 1754 in
294 1688 453 1773 Draegeri
480 1687 641 1773 glossario
671 1673 901 1751 desiderentur.
938 1684 1093 1764 *Quorum
1121 1710 1307 1773 numerum,
1338 1712 1379 1754 ne

231 1797 304 1880 quis
327 1800 422 1880 putet
444 1817 582 1879 parvum
607 1816 687 1878 esse,
710 1793 764 1859 hio
784 1794 924 1877 exempli
947 1794 1056 1879 gralia
1079 1817 1117 1858 ea
1140 1798 1270 1859 lanium
1294 1817 1378 1860 com·

230 1925 409 1968 memorare
433 1902 545 1985 liceat,
569 1923 650 1986 quae
675 1923 694 1964 a
717 1901 830 1966 liiiera
853 1921 873 1964 a
896 1901 1066 1984 incipiuni.
1112 1901 1250 1966 Frustra
1272 1903 1376 1988 igitur

229 2011 314 2095 apud
337 2009 541 2094 Draegerum
565 2009 710 2092 requiras
734 2008 865 2074 haecce:

320 2132 644 2200 Actorides'Met.
668 2132 699 2196 V
724 2133 775 2196 79.

318 2242 570 2305 adamanieus
594 2238 661 2303 VII
687 2239 759 2304 104.

318 2347 492 2412 adclivus
516 2345 550 2410 Π
576 2347 626 2411 19.

317 2454 523 2519 adfundere
547 2453 631 2518 VIII
656 2453 729 2518 539.

318 2583 501 2626 aesareus
525 2559 587 2624 XV
612 2560 663 2626 54.

317 2668 521 2733 aesouleus
544 2665 561 2730 Ι
584 2669 659 2732 449.

317 2796 534 2861 agenoreus
557 2772 609 2837 ΠΙ
633 2774 706 2838 308.

317 2881 528 2968 agitabilis
551 2881 568 2944 I
594 2881 643 2948 75.

241 3049 244 3056 .
317 2989 472 3054 albidus
495 2987 545 3053 Ill
571 2988 621 3052 74.

314 3096 541 3180 apollineus
564 3094 581 3158 I
603 3095 678 3160 473.
1117 3175 1125 3180 ,

314 3204 523 3286 aqualicus
547 3203 579 3266 ll
603 3202 676 3268 853.
710 3201 757 3266 IX
780 3203 853 3266 341.
887 3202 991 3266 Xass.
1021 3257 1027 3262 .

316 3327 482 3392 Accedunt
501 3327 634 3391 nomina
652 3326 785 3410 propria
810 3349 826 3390 e
851 3327 1049 3399 carminibus
1069 3327 1204 3413 graecis,
1227 3331 1265 3391 ui
1288 3327 1373 3392 vide-

225 3439 288 3519 tur,
312 3435 352 3498 ab
379 3432 494 3497 Ouidio
519 3434 705 3518 adsumpta:
729 3431 828 3518 Agre,
851 3433 995 3512 Alasior,
1019 3433 1183 3519 Alcithoe,
1206 3432 1374 3518 Alcmene,

223 3679 322 3748 prima.
360 3677 473 3748 Lipsiae
503 3683 570 3734 1856
600 3681 629 3733 ei
656 3679 741 3734 Emsi
768 3678 916 3734 Bucilner:
942 3665 1018 3733 liber
1047 3679 1097 3734 das
1125 3679 1288 3735 Verhiilinic
1316 3697 1372 3735 von

224 3769 335 3838 Vergils
353 3767 482 3838 Eklogen
501 3787 534 3822 zu
553 3767 704 3823 Theokriis
723 3768 841 3838 Idyllen.
878 3767 1044 3838 Insierburg
1063 3773 1139 3825 1873.

315 3862 341 3927 1)
360 3856 525 3912 Inscribiiur
545 3858 629 3914 ‘Ouid
647 3859 689 3913 als
708 3858 943 3927 Sprachbiidaer'.

268 3949 272 3957 '
313 3949 339 4015 2)
360 3946 483 4012 Quorum
502 3949 574 4002 aller
596 3947 653 4004 iam
678 3964 751 4002 anno
773 3952 841 4003 1880
864 3946 1048 4002 Halberciadi
1074 3947 1181 4018 prodiit
1206 3947 1370 4018 inscripius:

226 4037 281 4092 ‘De
299 4038 430 4092 sermonis
450 4038 584 4092 Ooidiaai
597 4037 829 4108 proprietatibm,
848 4039 941 4107 quales
964 4039 995 4092 ia
1016 4039 1269 4107 Metamorphoseoa
1292 4040 1371 4096 libres

223 4125 460 4195 perspiciaatar';
480 4123 559 4192 alter,
580 4125 629 4194 qui
648 4126 738 4182 est‘de
754 4125 851 4181 Ouidio
869 4131 999 4182 novatore
1017 4127 1209 4182 vocabulorum
1227 4130 1259 4181 ia
1280 4129 1370 4184 Meta-

222 4215 398 4284 morphoseoa
416 4214 505 4270 libris’
526 4213 642 4269 Parisiis
661 4215 768 4284 publici
794 4213 863 4268 iuris
887 4214 978 4270 lacius
1002 4215 1044 4269 esi
1068 4219 1239 4270 ann01886.
1277 4215 1370 4286 Atque

222 4320 258 4357 ne
277 4302 468 4373 francogallus
488 4301 601 4370 quidem
624 4301 672 4358 illc
695 4303 896 4374 grammaticus
917 4303 1029 4358 Scheibi
1049 4301 1181 4358 Germani
1204 4304 1369 4372 opusculum

222 4394 252 4446 ei
275 4389 363 4460 ipsius
382 4391 518 4462 Draegeri
544 4391 673 4460 syntaxin
701 4392 819 4447 latinam
846 4390 1012 4446 historicam
1039 4390 1069 4446 in
1097 4408 1177 4447 suum
1200 4409 1281 4446 usum
1305 4408 1369 4448 oon-

223 4481 331 4536 vertere
351 4477 519 4549 dedignatus
540 4482 589 4538 esi.
627 4479 667 4536 cf.
686 4500 713 4551 p.
731 4487 744 4535 1
761 4497 801 4549 sq.
