3346 4934
745 286 966 350 ..54-

374 451 485 516 Verba
508 452 618 513 autem
640 469 669 510 v.
692 446 750 510 151
777 444 942 528 ‘neptunio
965 445 1136 529 Perpunm'
1160 445 1363 530 explicantur
1385 445 1429 510 fa-

285 560 364 626 bula
389 557 448 621 illa
475 556 575 622 etiam
598 551 734 619 Homeri
758 553 961 638 temporibus
985 553 1074 639 trita,
1098 575 1162 637 qua
1184 551 1374 638 Neptunum
1398 557 1432 618 et

285 665 473 751 Apollinem
496 660 711 727 Laomedonti
734 659 806 746 regi
828 660 944 726 Troiae
968 663 1078 726 muros
1102 660 1322 726 construxisse
1346 681 1432 725 acce-

285 775 401 859 pimus.
448 767 830 836 0114511111440.

376 877 439 943 Sed
468 877 495 941 si
519 874 672 941 Loersius
696 873 803 939 Ulixis
832 881 1027 959 cognomen,
1054 875 1111 958 qui
1134 897 1162 940 v.
1183 875 1245 939 129
1274 873 1432 939 facundus

287 987 479 1072 appellatur,
504 1005 521 1047 c
542 985 561 1047 Γ
580 983 642 1047 221
669 980 800 1046 fluxisse
825 980 1007 1046 contendit:

419 1105 494 1173 ἀλλ’
518 1107 572 1172 ὅτε
596 1108 635 1187 δή
660 1103 691 1186 ῥ’
718 1105 783 1170 ὄπα
805 1126 839 1170 τε
865 1104 1006 1185 μεγάλην
1029 1108 1065 1171 ἐκ
1088 1108 1220 1186 ετήθεοε
1240 1106 1281 1170 ἵει

423 1216 475 1281 καὶ
498 1215 578 1279 ἔπεα
601 1213 784 1293 νιφάδεεειν
807 1212 935 1288 ἐοικότα
959 1213 1155 1297 χειμερίῃειν,

422 1323 480 1388 οὐκ
503 1321 543 1386 ἂν
566 1318 669 1386 ἔπειτ’
691 1319 817 1399 Ὀουεῆί
841 1318 875 1396 γ’
898 1319 1026 1399 ἐρίεεειε
1052 1321 1165 1399 βροτὸε
1189 1318 1296 1384 ἄλλοε.

287 1452 420 1534 poetam
444 1446 576 1511 minime
600 1445 695 1510 credo
720 1444 758 1508 de
781 1443 844 1508 hoc
866 1443 939 1528 ipso
963 1444 1036 1510 loco
1060 1443 1237 1530 cogitasse,
1264 1467 1338 1509 cum
1361 1444 1434 1528 plus

289 1578 353 1621 uno
376 1555 449 1620 loco
474 1553 593 1618 eximia
615 1551 723 1616 Ulixis
746 1551 897 1615 facundia
921 1552 962 1614 ab
981 1550 1125 1617 Homero
1146 1548 1390 1636 praedicetur.1)

378 1662 448 1726 Iam
472 1659 729 1744 contemplemur
752 1679 806 1722 aas
830 1681 896 1743 res,
919 1659 1037 1742 quibus
1060 1662 1158 1743 poeta
1181 1659 1303 1723 latinus
1327 1658 1436 1741 aliqua

290 1793 329 1836 ex
356 1771 450 1852 parte
477 1768 519 1831 ab
543 1765 687 1830 Homero
712 1765 848 1829 differat.
894 1764 1044 1829 Breviter
1071 1769 1201 1830 tantum
1229 1789 1282 1830 eas
1306 1765 1436 1830 fabulae
1529 1837 1532 1844 ,

289 1880 386 1941 notas
415 1873 699 1958 comprehendam,
732 1894 813 1956 quae
842 1872 928 1937 sicut
955 1873 1057 1937 totius
1082 1873 1240 1956 epistulae
1264 1872 1435 1958 dispositio

291 2007 311 2048 a
338 1986 435 2068 poeta
464 1981 558 2046 fictae
587 1984 685 2064 atque
716 1979 920 2064 excogitatae
949 1980 991 2042 ab
1019 1978 1155 2045 Homeri
1187 1971 1374 2045 narratione
1403 2002 1436 2044 re

291 2113 366 2156 vera
384 2111 451 2154 non
474 2088 664 2172 discrepent.

384 2195 531 2260 Primum
551 2196 771 2258 commentum
784 2192 950 2258 invenitur
964 2193 1112 2258 versibus
1127 2195 1176 2258 11.
1194 2195 1245 2279 12,
1265 2194 1322 2258 ubi
1340 2198 1439 2278 poeta

293 2324 470 2387 praecones
490 2301 647 2364 mirantes
663 2298 753 2383 facit,
772 2300 858 2382 quod
876 2298 1022 2364 Achilles
1046 2300 1188 2384 puellam
1208 2305 1351 2366 amatam
1371 2306 1439 2365 tam

293 2410 358 2475 cito
383 2407 499 2474 tradat.
541 2407 587 2472 Et
610 2411 661 2472 est
684 2406 816 2492 mirum,
839 2405 1002 2471 Achillem
1026 2410 1050 2472 Α
1070 2408 1133 2471 298
1154 2430 1200 2491 sq.
1217 2409 1297 2473 haec
1320 2410 1439 2474 dicere:

428 2534 513 2612 χερεὶ
537 2534 595 2611 μὲν
614 2531 653 2596 οὔ
676 2553 725 2596 τοι
749 2530 852 2608 ἔγωγε
876 2535 1054 2612 μαχήεομαι
1078 2533 1184 2597 εἵνεκα
1209 2535 1323 2613 κούρη(

409 2640 501 2705 ὀὔτε
526 2661 573 2704 cor
597 2638 672 2704 οὔτε
695 2644 742 2722 τῷ
765 2637 869 2722 ἄλλῳ,
892 2637 962 2703 ἐπεί
986 2636 1020 2716 μ’
1043 2637 1200 2718 ἀφέλεεθέ
1224 2661 1261 2717 γε
1286 2640 1408 2706 δόντεε.

293 2765 408 2848 Neque
438 2786 514 2829 vero
541 2785 717 2849 praecones
745 2763 903 2849 homerici
930 2763 1038 2828 verbis
1067 2763 1135 2829 eius
1164 2764 1262 2828 fidem
1290 2765 1441 2829 videntur

293 2872 456 2957 habuisse,
480 2894 553 2937 cum
571 2875 747 2954 utrumque
767 2870 860 2934 anxie
881 2869 1058 2954 timideque
1077 2870 1333 2956 Agamemnonis
1353 2894 1441 2936 man-

294 2981 372 3044 data
395 2979 618 3045 confecturum
641 2977 710 3062 ipse
734 2977 928 3042 adhortetur
950 2999 1080 3042 necesse
1105 2978 1158 3064 sit,
1180 2983 1218 3043 ut
1237 2979 1372 3064 propius
1392 3002 1440 3044 ac-

295 3088 411 3152 cedant
436 3086 478 3170 (v.
498 3084 666 3168 324sqq.l.
704 3083 797 3160 Quod
816 3083 920 3169 igitur
938 3084 1100 3149 Homerus
1123 3086 1233 3150 nescio
1256 3109 1319 3170 quo
1343 3091 1440 3171 pacto

295 3193 417 3277 omisit,
446 3193 604 3276 epistulae
633 3195 800 3256 auctorem
829 3213 978 3275 expresse
1003 3193 1122 3257 dixisse
1146 3193 1358 3258 manifestum
1382 3197 1441 3258 est.

383 3299 518 3363 Minime
554 3302 663 3362 autem
700 3299 740 3362 ad
775 3296 955 3363 Homerum
987 3300 1139 3384 redeunt,
1176 3322 1258 3383 quae
1294 3300 1441 3364 versibus

297 3407 472 3472 117—120
505 3406 543 3469 de
575 3404 721 3470 Briseide
754 3405 866 3490 fugam
898 3407 1076 3470 meditante
1110 3407 1303 3472 referuntur.
1349 3405 1442 3482 Quod

297 3518 411 3580 eontra
435 3513 583 3578 versibus
608 3513 819 3596 sequentibus
844 3513 872 3577 si
895 3513 1067 3578 Patroclus
1091 3513 1280 3599 Briseidem,
1304 3537 1376 3579 cum
1393 3515 1441 3578 ab

296 3620 642 3703 Achillexdiscederet,
670 3621 795 3684 solatus
820 3641 889 3684 esse
913 3621 1046 3704 dicitur,
1073 3622 1135 3686 hoc
1159 3622 1280 3706 optime
1305 3621 1444 3705 quadrat

297 3750 372 3792 cum
396 3728 468 3792 loco
491 3726 655 3791 homerico
677 3728 781 3792 1287
803 3749 882 3811 sqq,
900 3727 957 3791 ubi
976 3749 1051 3792 eum
1070 3750 1197 3811 semper
1217 3727 1442 3792 comitersese

298 3855 377 3920 erga
407 3834 498 3898 illam
532 3834 672 3920 gessisse
703 3833 928 3919 comperimus.
975 3831 1060 3909 Quin
1093 3835 1192 3898 etiam
1223 3835 1320 3898 verba
1352 3834 1442 3897 124

298 3942 390 4024 ‘quid
410 3942 480 4022 flcs'
505 3942 614 4008 efficta
637 3943 788 4007 videntur
810 3964 828 4006 e
851 3941 998 4006 versibus
1022 3941 1046 4006 Τ
1067 3942 1131 4005 295
1151 3963 1233 4024 sqq:

431 4049 507 4114 οὐδὲ
537 4051 594 4128 μὲν
623 4051 698 4116 οὐδέ
728 4049 762 4128 μ’
790 4049 909 4133 torret,
936 4045 987 4112 ὅτ’
1012 4046 1106 4127 ἄνδρ’
1130 4050 1208 4127 ἐμὸν
1237 4049 1318 4112 ὠκὺ(
1343 4048 1440 4125 Ἀχιλ-

434 4157 586 4237 ἔκτεινεν,
610 4159 725 4236 πέρεεν
748 4157 784 4219 δὲ
808 4154 903 4220 πόλιν
927 4155 1026 4219 θείοιο
1051 4157 1212 4235 Μύνητοε,
1355 4155 1443 4234 [λεὺε

432 4263 560 4328 κλαίειν.

390 4425 415 4491 1)
434 4419 474 4479 Ol.
495 4419 578 4475 modo
599 4421 618 4474 Β
640 4424 689 4474 182
705 4436 764 4487 sqq.
796 4422 802 4474 Ι
824 4423 887 4486 180;
906 4417 1010 4472 multos
1029 4419 1099 4474 alios
1118 4396 1210 4474 locon
