3326 4930
659 334 899 397 -107-

205 495 273 559 sius
306 495 340 557 in
370 493 551 559 elocutione
583 493 754 558 heroidum
787 492 913 558 censuit
946 515 1015 558 esse
1043 493 1351 578 reprehendendum.

204 602 351 669 PrImum
374 624 486 666 versus
510 599 557 664 IX
578 601 653 666 141:

463 742 604 808 ‘semivir
626 742 762 808 occubuit
784 743 818 808 111
842 744 958 824 letifero
981 741 1104 810 Eueno'

207 907 453 989 contempletur.
510 904 597 969 Nam
629 902 785 968 Lehrsius
823 904 843 967 l.
867 905 886 968 l.
919 927 950 988 p.
975 903 1139 969 CCXXIII
1177 927 1351 990 qumquam

206 1013 341 1077 Ovidius
371 1011 529 1076 adiectiuo
559 1007 690 1090 ‘letifer'
719 1033 813 1094 saepe
837 1033 914 1074 usus
940 1011 997 1094 sit,
1027 1014 1138 1076 tamen
1165 1035 1239 1078 eum
1261 1036 1351 1077 num-

206 1142 303 1203 quam
337 1121 486 1184 Euenum
519 1119 686 1184 contendit
723 1122 771 1182 ita
805 1118 1044 1203 appellaturum
1076 1118 1185 1184 fuisse.
1238 1119 1352 1204 Neque

206 1227 293 1292 enim
324 1228 386 1291 hoc
418 1228 552 1310 fiumen,
586 1227 641 1290 sed
671 1225 846 1290 Herculem
873 1225 981 1309 ipsum
1005 1223 1111 1289 Nesso
1139 1230 1278 1292 mortem
1306 1228 1352 1292 in-

206 1334 329 1398 tulisse.
375 1333 469 1410 Quod
491 1356 558 1398 non
581 1336 668 1396 recte
689 1333 817 1397 videtur
840 1332 974 1416 dixisse,
998 1355 1071 1396 cum
1094 1331 1236 1399 Nessum
1260 1334 1353 1398 Deia-

205 1442 295 1505 nirae
313 1441 381 1506 vim
398 1463 465 1505 non
483 1443 674 1524 paraturum
692 1439 792 1503 fuisse
813 1443 957 1524 apparet,
975 1440 1039 1503 nisi
1058 1440 1179 1503 fiumen
1198 1441 1228 1503 ei
1245 1440 1354 1505 locum

164 1579 167 1588 ·
207 1552 259 1612 sat
288 1548 441 1612 idoneum
464 1547 614 1612 dedisset.
646 1583 683 1594 -
714 1545 838 1610 Deinde
863 1546 891 1609 si
919 1547 968 1609 111
996 1546 1051 1611 1116
1081 1547 1289 1612 doctissimus
1314 1549 1354 1612 ab

207 1655 351 1718 eiusdem
384 1653 542 1736 epistulae
581 1657 712 1718 auctore
745 1675 868 1717 nonum
899 1653 1207 1737 metamorphoseon
1234 1653 1354 1718 librum

205 1761 328 1825 lectum
357 1781 426 1824 esse
454 1759 665 1825 manifestum
692 1782 758 1824 non
785 1759 857 1824 fieri
885 1760 982 1844 dixit,
1009 1760 1074 1824 nisi
1101 1761 1222 1825 leviore
1251 1761 1355 1825 elocu-

205 1868 306 1932 tionis
331 1889 498 1951 consensu,
522 1867 570 1931 ita
592 1872 630 1931 ut
649 1867 791 1931 imitatio
816 1867 932 1931 evitari
952 1868 1056 1952 magis
1076 1868 1234 1953 videatur,
1258 1890 1355 1951 quam

207 1974 372 2058 adfectari,
390 1974 453 2038 hoe
472 1973 522 2037 illi
541 1973 794 2059 respondeamus
813 1996 945 2038 necesse
965 1978 1024 2058 est,
1044 1975 1210 2057 quodiam
1225 1975 1354 2058 saepius

207 2081 362 2166 diximus,
391 2103 463 2146 earn
492 2080 587 2145 Ovidi
615 2102 685 2144 esse
714 2081 888 2165 rationem,
915 2085 953 2144 ut
982 2103 1015 2144 se
1039 2082 1147 2165 ipsum
1169 2082 1356 2166 frequenter

208 2188 384 2272 exscribat,
408 2209 508 2270 quare
531 2187 594 2251 hoc
618 2190 847 2272 argumentum
870 2187 1003 2251 minime
1026 2209 1122 2272 posse
1146 2189 1264 2274 urgeri.

294 2294 334 2358 ln
366 2294 555 2359 duodecima
582 2294 714 2359 heroide
743 2317 816 2358 cum
843 2293 999 2359 Lehrsius
1026 2295 1131 2360 multa
1158 2295 1282 2360 videret
1308 2295 1355 2359 in-

206 2424 290 2486 esse,
314 2423 451 2486 quorum
474 2401 509 2464 in
533 2399 672 2466 Senecae
697 2401 879 2496 tragoedia,
913 2424 994 2485 quae
1018 2399 1132 2466 Medea
1154 2403 1355 2487 inscribitur,

206 2509 326 2573 similia
350 2509 563 2593 reperiantur,
587 2507 746 2593 epistulae
771 2513 938 2574 auctorem
960 2507 1088 2574 Annaei
1110 2509 1250 2594 vestigia
1267 2531 1355 2593 pres-

206 2616 287 2680 sisse
312 2615 438 2679 statuit.
471 2613 564 2690 Quod
588 2619 702 2680 contra
725 2617 830 2680 multo
854 2616 1077 2699 probabiliora
1101 2640 1138 2682 ea
1162 2639 1232 2682 esse
1256 2617 1354 2682 eredi-

207 2721 323 2807 derim,
360 2744 441 2805 quae
475 2720 660 2786 Fridericus
688 2720 754 2786 Leo
793 2722 1059 2787 observationum
1096 2723 1283 2788 criticarum
1316 2725 1354 2788 de

207 2827 346 2894 Senecae
370 2828 548 2914 tragoediis
572 2851 604 2912 p.
625 2825 719 2914 169¹)
744 2828 867 2892 dehac
891 2829 1060 2895 adfinitate
1083 2830 1235 2913 protulit:
1268 2830 1353 2895 Duo-

206 2937 364 3001 decimam
400 2924 566 3000 heroidem
604 2936 644 2999 ab
678 2934 794 3000 Ouidio
832 2933 1014 3019 profectam
1051 2959 1134 3020 esse,
1172 2959 1245 3001 cum
1277 2960 1353 3002 1610

206 3044 346 3108 sciamus
374 3061 448 3107 eum
475 3065 542 3107 non
570 3041 674 3107 multo
699 3046 774 3107 ante
799 3065 897 3126 quam
920 3042 1069 3108 heroides
1093 3044 1262 3128 scriberet,
1291 3049 1354 3109 tra-

124 3194 126 3199 ·
205 3150 355 3236 goediam
388 3172 481 3214 suam
517 3149 739 3233 composuisse
774 3172 911 3233 cumque
945 3154 1074 3214 constet
1104 3150 1256 3215 Ovidium
1288 3175 1354 3216 non

206 3256 352 3340 singulos
381 3259 511 3320 tantum
539 3279 665 3341 versus,
694 3258 749 3321 sed
778 3261 868 3321 10106
891 3257 982 3321 10606
1006 3281 1045 3322 ex
1068 3281 1132 3323 uno
1156 3259 1191 3322 in
1215 3259 1354 3324 alterum

206 3383 336 3426 carmen
362 3361 526 3425 interdum
555 3362 603 3426 ita
630 3364 852 3448 transtulisse,
880 3367 918 3428 ut
942 3364 1075 3428 eandem
1099 3386 1168 3430 rem
1192 3365 1353 3430 similibus

205 3468 312 3533 verbis
336 3467 457 3532 iterum
480 3472 637 3552 narraret,
660 3469 822 3554 elegiacos
849 3491 961 3535 versus
983 3470 1123 3536 heroicis
1147 3476 1278 3537 mutans
1301 3473 1352 3537 161

204 3575 357 3659 invicem,
385 3575 547 3638 16116666
572 3574 776 3640 slmillimum
799 3598 873 3640 eum
895 3577 930 3640 in
954 3578 1186 3643 conscribenda
1207 3578 1266 3643 illa
1290 3580 1353 3664 epi-

205 3681 293 3744 stula
323 3703 416 3746 suam
448 3680 551 3765 ipsius
580 3682 618 3745 de
646 3680 759 3745 Medea
785 3682 931 3747 fabulam
959 3685 1169 3772 expressisse3
1198 3686 1354 3752 Senecam

204 3791 314 3853 autem
339 3809 372 3852 se
396 3789 436 3852 ad
459 3788 557 3871 hanc,
580 3810 646 3852 non
669 3789 710 3853 ad
733 3788 909 3873 epistulam
932 3790 1121 3875 applicasse.

293 3894 407 3978 Neque
431 3914 506 3960 1610
530 3894 666 3960 Lehrsio
691 3917 826 3979 possum
850 3897 1013 3980 accedere,
1038 3922 1111 3964 cum
1134 3922 1247 3964 versus
1271 3899 1352 3965 eius-

204 4005 276 4068 dem
301 4002 454 4068 carminis
478 4004 536 4067 111
559 4006 593 4066 61
615 4002 788 4068 115-126
807 4003 983 4068 barbarum
1007 4009 1040 4069 et
1063 4005 1251 4089 impolitum
1275 4029 1352 4090 prae

205 4130 238 4172 se
275 4109 358 4174 ferre
396 4131 579 4176 sermonem
616 4110 800 4175 contendat.
852 4110 1131 4176 Considerandum
1168 4113 1254 4178 enim
1293 4118 1352 4199 est,

294 4373 320 4442 1)
340 4373 390 4426 Est
409 4374 540 4428 volumen
558 4371 636 4442 prius
656 4375 714 4429 eius
739 4375 876 4445 opusculi,
896 4393 951 4446 quo
971 4393 1043 4432 auno
1064 4381 1133 4431 18'10
1153 4376 1274 4432 Senecae
1295 4381 1351 4434 tra-

203 4460 319 4532 goedias
339 4461 523 4518 recensenda·
542 4463 572 4517 61
590 4464 778 4519 emendandas
797 4465 912 4520 curavit.
