3346 4934
692 317 914 384 „33-

230 482 317 547 haud
339 482 436 566 longe
461 481 554 567 abest
579 479 774 564 coniectura,
798 482 938 562 poetam,
963 500 1036 542 eum
1060 477 1217 542 scriberet
1241 476 1378 542 ‘ardores

230 591 328 654 oiaeet
354 589 468 653 adusta
489 585 599 670 meos’,
626 607 690 650 non
722 586 760 649 de
784 585 924 650 flammis
949 585 1005 648 sed
1028 585 1067 648 de
1091 584 1211 649 amoris
1235 584 1268 649 vi
1292 582 1378 667 cogi-

233 699 328 780 tasse,
350 693 545 779 praesertim
569 715 642 757 oum
666 691 861 756 vocabulum
885 689 1042 756 ‘ardores'
1067 712 1194 774 quoque
1217 713 1284 755 non
1306 711 1378 774 pro-

230 801 302 883 pria
326 800 566 886 significatione
589 800 652 864 hoc
675 799 748 882 ipso
770 799 844 864 loco
869 797 1016 862 adhiberi
1040 797 1157 861 videas.

319 925 469 990 Breviter
500 923 656 988 Lehrsius
690 923 803 1008 tetigit
835 945 947 987 versus
984 923 1046 988 189
1069 944 1148 1006 sqq,
1179 922 1236 986 ubi
1264 921 1379 985 Medea

231 1033 353 1097 liberos
378 1054 454 1097 suos
478 1031 654 1115 respiciens
679 1030 772 1095 dicit:

367 1155 411 1220 ‘et
432 1156 566 1219 nimiam
589 1156 704 1220 similes
728 1154 783 1219 tibi
805 1159 885 1238 saut,
909 1158 939 1218 et
959 1154 1095 1236 imapiae
1118 1157 1227 1234 toapor

364 1267 392 1326 et
413 1263 551 1343 quotieas
573 1263 666 1345 video,
691 1263 813 1326 lumino
834 1265 940 1325 nostra
963 1257 1106 1324 madeat'

231 1428 270 1469 ex
294 1403 334 1467 iis
357 1402 444 1468 effici
468 1407 630 1486 statuens,
658 1408 695 1467 ut
718 1403 833 1467 Medea
860 1403 982 1466 liberos
1007 1424 1083 1466 suos
1113 1402 1155 1466 cb
1180 1423 1250 1464 eam
1275 1401 1379 1464 solam

231 1532 362 1574 oausam
391 1509 526 1595 diligere
555 1510 773 1593 miseramque
802 1530 915 1572 eorum
944 1511 1067 1571 sortem
1096 1507 1243 1571 videatur
1272 1506 1379 1590 deplo-

232 1639 318 1700 rare,
351 1602 428 1699 quia
458 1615 587 1680 Iasonis
618 1617 684 1680 sint
715 1615 883 1680 simillimi.
931 1613 994 1678 Sed
1021 1613 1084 1678 hoc
1111 1618 1244 1698 poetam
1274 1613 1379 1677 dicere

231 1723 373 1788 voluisse
405 1722 607 1807 negaverim,
643 1722 890 1787 similitudinem
924 1725 1047 1804 autem,
1085 1743 1166 1804 quae
1198 1719 1379 1814 intercedat

231 1830 318 1894 inter
336 1828 488 1894 Iasonem
508 1832 541 1892 ct
561 1828 656 1913 filios,
680 1833 850 1913 tantopere
870 1851 889 1892 a
908 1827 1023 1895 Medea
1041 1827 1167 1892 laudari
1188 1825 1379 1910 putaverim,

230 1940 282 2020 ut,
305 1939 464 2019 quantum
489 1935 620 2018 quidem
642 1935 761 2018 possit,
790 1939 963 2018 paternum
987 1935 1055 1998 eius
1081 1956 1224 1998 amorem
1248 1934 1378 1997 excitet.

231 2041 345 2126 Neque
375 2064 452 2106 vero
483 2064 547 2105 una
578 2064 652 2106 eum
679 2041 816 2106 Lehrsio
846 2045 958 2126 potest
989 2041 1166 2124 autumari,
1198 2040 1258 2104 hos
1289 2040 1379 2123 ipsos

232 2170 354 2231 versus,
378 2148 525 2233 00111110,
549 2170 632 2231 quae
657 2153 848 2232 sequuntur:

368 2289 438 2372 ‘per
455 2311 579 2372 superos
601 2311 664 2372 ore,
688 2312 746 2372 per
768 2293 870 2356 avitae
893 2291 1014 2355 lumino
1036 2292 1190 2374 (tumeam,

359 2417 418 2478 per
440 2398 584 2462 meritum
607 2401 635 2461 et
657 2403 755 2482 natos,
772 2399 908 2480 pipnora
930 2403 1046 2481 aesta,
1068 2397 1159 2462 duos'

230 2561 297 2603 non
321 2539 501 2621 convenire,
525 2539 601 2621 quia
626 2561 663 2602 eo
688 2539 817 2602 demum
840 2539 912 2603 loco
936 2541 1006 2604 nati
1028 2539 1064 2602 in
1087 2539 1229 2603 medium
1252 2538 1379 2603 videan-

231 2647 286 2707 tur
314 2643 452 2725 prodire.
498 2643 624 2706 Eodem
652 2645 738 2707 enim
766 2645 836 2708 iure
865 2668 903 2709 ex
930 2646 982 2710 his
1011 2646 1158 2711 versibus
1189 2667 1300 2710 omnes
1324 2667 1379 2709 eos

232 2749 332 2831 10000,
356 2747 474 2830 quibus
498 2747 613 2812 Medea
636 2750 754 2813 merita
778 2772 836 2814 sua
858 2751 1033 2837 praedicat,
1057 2753 1283 2836 exstirpandos
1308 2774 1378 2816 esse

233 2854 508 2920 concluderemus.

250 3077 252 3082 Ι
321 2977 386 3042 Vix
410 2982 520 3042 autem
545 2979 698 3044 credibile
723 2985 782 3065 est,
806 2981 978 3046 Lehrsium
1001 2981 1168 3066 proximos
1192 3004 1317 3047 versus:

335 3090 338 3094 .
366 3120 471 3186 ‘redde
494 3126 603 3206 aaa,
621 3143 682 3204 pro
706 3145 765 3205 quo
789 3128 832 3188 tet
852 3145 901 3188 res
924 3125 1040 3190 insana
1062 3126 1185 3209 reliqui,

305 3248 308 3254 ·
365 3227 443 3291 adde
464 3228 554 3310 fidem
577 3230 675 3313 dictis,
698 3230 911 3312 auxiliumque
933 3229 1037 3312 refer'.

233 3387 330 3430 sensu
353 3367 449 3449 plane
474 3390 583 3434 cassos
606 3370 821 3454 perhibuisse.
867 3373 1010 3458 Ecquid,
1034 3396 1164 3459 quaeso,
1189 3374 1277 3438 aliud
1301 3378 1380 3458 erat,

233 3473 319 3556 quod
343 3471 456 3538 Medea
485 3476 525 3539 ab
553 3475 670 3542 Iasone
698 3478 889 3562 flagitaret?
936 3479 1052 3545 Nonne
1081 3481 1291 3546 manifestum
1321 3487 1380 3565 est,

232 3601 378 3643 summae
402 3580 431 3644 ei
455 3580 555 3646 fuisse
579 3605 687 3669 curae,
714 3588 752 3649 ut
783 3586 823 3649 ab
852 3585 910 3649 illo
940 3587 1044 3652 denuo
1075 3588 1110 3651 in
1134 3588 1378 3652 matrimonium

232 3687 453 3770 reciperetur?

323 3809 487 3895 Superest,
511 3818 548 3878 ut
572 3814 688 3879 addam
711 3806 885 3880 Lehrsium
908 3839 1021 3882 versus
1040 3819 1102 3882 201
1121 3841 1181 3902 sq:

367 3953 496 4020 ‘aureus
517 3957 571 4021 iiie
593 3959 675 4022 aries
697 3959 770 4022 vilio
792 3959 964 4040 spectabitis
986 3961 1049 4026 alto

365 4062 419 4126 dos
442 4082 526 4140 mem
549 4084 644 4145 quom
666 4065 767 4129 dicem
790 4067 818 4129 ei
842 4066 897 4130 tibi
920 4065 1064 4132 “redde’'
1088 4064 1195 4148 nepes?

232 4201 318 4266 haud
347 4207 435 4268 recte
464 4205 660 4289 percepisse,
689 4228 762 4270 oum
786 4206 933 4272 Medeam
956 4209 989 4271 id
1018 4207 1202 4293 significare
1226 4209 1379 4293 crederet,
1454 4206 1456 4212 ’

234 4307 303 4372 fore
327 4313 364 4372 ut
388 4311 498 4376 omnia
521 4311 603 4376 bene
627 4333 697 4376 sese
720 4312 878 4401 habeant,
907 4316 935 4380 si
958 4315 1062 4380 vellus
1086 4337 1219 4379 aureum
1249 4338 1377 4400 recupe-

233 4415 324 4478 rarit.
358 4414 450 4492 Quod
473 4421 587 4482 eontra
606 4426 751 4506 apparet,
774 4444 847 4486 eam
866 4422 996 4487 Medeae
1021 4444 1091 4487 esse
1115 4423 1319 4507 sententiam,
1342 4427 1380 4486 nt

1149 4533 1164 4580 3
