3326 4930
756 281 977 345 ..82-

296 441 441 525 isa—65,
475 441 575 506 etiarn
606 440 661 504 hie
688 462 753 504 una
784 462 858 505 eum
890 439 999 525 Scylla
1029 444 1062 504 et
1090 439 1270 525 Charybdi,
1302 445 1336 505 et
1364 441 1441 507 Met.

296 548 359 612 XV
382 548 567 612 337-339.
613 545 695 611 Ibid.
719 547 785 612 263
805 568 851 631 sq.

386 653 426 718 V.
453 654 524 719 129.
551 653 628 718 130:

475 777 566 860 ‘qnid
586 777 721 859 referam
743 777 849 842 Peliae
864 767 963 841 'acatos
979 779 1095 860 pictate
1117 783 1254 843 nocentes

473 905 618 966 cacsaqne
640 884 779 968 cirpineo
801 884 937 948 nnmhra
955 889 1091 965 paterna
1113 883 1231 950 monn?

295 1029 379 1091 idem
403 1027 543 1090 refertur
566 1026 645 1093 Met.
668 1025 734 1090 Vll
756 1026 942 1093 297-349.
989 1025 1037 1092 Of.
1061 1025 1144 1091 Ibid.
1167 1027 1246 1091 439:

457 1149 604 1233 ‘dampno
626 1151 725 1215 redire
746 1151 826 1216 noles
848 1152 916 1215 occi
938 1150 1073 1216 notioris
1095 1152 1131 1215 in
1153 1172 1254 1217 annos

454 1263 491 1321 nt
512 1262 596 1321 oetas
617 1257 744 1321 Admeti
751 1255 775 1336 ¹)
798 1257 950 1339 decipiare
972 1255 1075 1323 socer.'

386 1397 536 1464 Creontis
561 1402 595 1462 et
618 1397 756 1464 Creusae
779 1399 913 1464 nomina
932 1397 1065 1463 Ovidius
1089 1421 1155 1463 non
1174 1399 1441 1465 commemoravit

295 1505 330 1569 in
358 1505 498 1589 septimo
531 1505 840 1590 metamorphoseon
872 1505 967 1569 libro.
1017 1503 1157 1570 Miserae
1186 1509 1296 1570 autem
1329 1527 1440 1570 eorum

296 1612 395 1677 sortis
419 1612 618 1677 mentionem
642 1612 755 1677 iniecit
777 1636 806 1678 v.
830 1613 896 1678 394
911 1634 971 1696 sq.:

428 1736 496 1802 ‘sed
511 1740 676 1819 postquem
701 1735 820 1802 Colchis
842 1738 922 1802 arsit
943 1757 1025 1801 noca
1047 1742 1147 1819 napta
1168 1738 1291 1802 venenis

427 1843 670 1925 stupranteonqne
692 1845 816 1909 macen
838 1844 919 1926 repis
941 1864 1027 1908 enare
1049 1844 1128 1908 vidit
1148 1842 1330 1924 achionqna'

296 2007 394 2070 porro
417 1984 490 2049 Art.
514 2008 575 2050 am.
600 1985 665 2051 335
684 2006 745 2070 sq.:

384 2109 451 2174 ‘oni
472 2131 535 2175 non
558 2111 667 2192 defleta
688 2114 733 2174 est
754 2109 900 2194 cphpreae
922 2109 1053 2190 flanona
1077 2107 1208 2175 Orncsoe

384 2222 413 2282 et
433 2237 503 2281 neoc
524 2223 672 2282 natornon
693 2217 932 2300 sonpninolenio
948 2213 1087 2299 parens?

295 2346 328 2406 et
351 2341 433 2407 Ibid.
457 2343 535 2407 601:

455 2466 511 2531 ‘ni
531 2486 612 2530 nova
628 2464 783 2547 phasiaco
805 2484 984 2548 conprensa
1001 2469 1046 2528 est
1067 2469 1166 2546 nnpta
1188 2486 1301 2530 corona

454 2577 545 2655 ntqne
562 2577 655 2654 poter
676 2575 792 2654 naptae
813 2591 939 2654 onnnnc
957 2575 1085 2653 parente
1107 2569 1236 2636 domas?

500 2719 503 2724 Δ
833 2769 853 2847 a
877 2766 906 2832 a.

386 2894 515 2958 Tertiae
531 2893 674 2958 decimae
693 2892 837 2957 heroidis
853 2895 1019 2956 auctorem
1037 2891 1205 2978 Euripidis
1225 2891 1442 2958 Protesilaum

296 3000 428 3085 adiisse,
452 3001 537 3083 quod
556 2999 682 3084 primus
701 2999 858 3063 Weloker
877 2997 932 3063 Gr.
951 2999 1048 3083 Trag.
1072 3022 1102 3083 p.
1122 2999 1187 3063 495
1202 3021 1271 3084 sqq.
1295 2999 1443 3084 coniecit,

296 3129 335 3172 ex
357 3107 413 3191 iis,
441 3128 523 3190 quae
548 3106 586 3170 de
611 3105 684 3170 aliis
709 3105 858 3189 epistulis
887 3104 1110 3189 exposuimus,
1138 3128 1196 3190 per
1225 3128 1258 3170 se
1286 3106 1354 3171 veri
1377 3129 1443 3170 non

295 3213 422 3278 videtur
438 3211 595 3277 absimile.
635 3208 697 3275 Sed
717 3232 791 3274 oum
805 3211 975 3294 perpaucis
994 3211 1083 3276 illius
1097 3211 1228 3276 fabulae
1246 3212 1442 3297 fragmentis

294 3320 385 3384 nulla
408 3317 605 3382 adminicula
628 3317 669 3381 ad
692 3316 898 3381 iudicandum
918 3318 1048 3402 dentur,
1072 3339 1141 3382 rem
1163 3319 1198 3382 in
1221 3318 1346 3384 incerto
1371 3340 1442 3384 esse

294 3430 395 3511 patet.
457 3425 563 3503 Quare
601 3425 667 3489 iam
706 3425 781 3489 illos
817 3425 908 3490 looos
946 3426 1115 3510 addamus7
1153 3427 1269 3509 quibus
1308 3423 1442 3490 Ovidius

295 3532 470 3598 Protesilai
486 3537 519 3596 et
534 3531 730 3597 Laodamiae
750 3553 894 3597 amorem
916 3532 1191 3597 commemoravit.
1230 3529 1314 3596 Sunt
1334 3535 1442 3596 autem

294 3641 344 3704 hi:
369 3640 480 3705 Amor.
504 3639 537 3702 ll
563 3639 614 3723 18,
633 3640 675 3704 38
699 3635 787 3725 (vide
811 3637 938 3723 supra):

531 3763 575 3829 ‘et
596 3784 692 3829 conos
713 3765 860 3829 castineto
882 3763 1059 3828 Luodanoia
1081 3760 1205 3849 oico.'²)

320 3895 324 3902 '
384 3888 526 3953 Maxime
548 3888 711 3954 notabiles
736 3892 813 3953 sunt
835 3909 947 3953 versus
970 3886 1043 3952 Art.
1068 3910 1128 3952 am.
1153 3887 1187 3952 ll
1212 3887 1401 3954 353-356:

429 4012 594 4098 ‘Phyllida
617 4013 815 4098 Demophoon
833 4033 981 4096 praesens
1004 4013 1191 4079 anonrotins
1212 4014 1305 4095 assit,
1342 4037 1353 4043 ’

429 4122 546 4186 norat
566 4121 641 4186 nelis
664 4121 768 4186 acrias
790 4118 848 4184 illa
870 4119 961 4184 datis.

386 4315 412 4383 1)
432 4311 472 4369 cf.
491 4311 573 4369 Hom.
593 4315 613 4368 Β
632 4317 685 4366 714
699 4329 739 4380 sq.

385 4403 412 4470 ἓ)
432 4401 508 4455 Idem
528 4417 625 4456 versus
644 4399 762 4455 recurrit
779 4398 861 4456 Trist.
881 4399 893 4451 I
913 4406 937 4467 6,
953 4406 996 4455 20.
