3346 4934
770 307 964 371 -4-

384 464 536 532 Ceterum
574 466 792 530 recentiorum
829 465 1019 530 testimonia
1059 466 1191 530 minime
1224 488 1340 552 urgeo3
1383 467 1439 531 sed

295 574 447 638 omittere
470 573 570 657 nolui,
593 596 633 637 ne
657 573 734 657 quid
758 574 868 637 deesse
892 573 1064 637 videretur.

383 679 479 744 Locis
508 682 617 743 autem
646 702 665 743 a
692 678 814 744 Ioanne
844 678 1076 744 sarisberiensi
1109 680 1219 744 citatis
1248 663 1348 763 quale¹
1371 701 1441 762 pre-

293 787 376 850 tium
400 786 506 870 possit
530 786 701 870 constitui,
729 787 834 851 denuo
858 787 1092 870 explorandum
1116 790 1179 870 eut,
1208 809 1281 851 cum
1307 785 1441 852 Schaar·

294 893 436 958 schmidt
463 893 497 956 in
525 893 612 958 claro
641 893 699 956 illo
722 892 849 977 libello,
878 915 941 976 quo
971 893 1039 956 eius
1068 893 1256 977 philosophi
1280 893 1382 957 vitam
1406 897 1439 957 et

294 999 415 1083 studia,
439 999 562 1083 scripta
593 1003 626 1064 et
650 999 832 1064 doctrinam
855 999 1045 1064 inlustravit
1054 996 1087 1085 Ι),
1110 1000 1194 1064 hanc
1214 1001 1439 1083 quaestionem

294 1107 400 1189 capite
420 1106 578 1191 singulari
586 1103 612 1191 2)
634 1109 812 1170 tractatam
831 1105 964 1170 minime
983 1107 1023 1170 ad
1042 1106 1140 1170 finem
1158 1106 1354 1191 perduxerit.
1392 1107 1440 1172 Ut

293 1211 396 1295 igitur
427 1212 521 1297 ratio,
555 1235 653 1296 quarn
676 1211 814 1276 Ioannes
846 1213 882 1276 in
914 1216 1061 1277 veterum
1091 1218 1263 1297 poetarum
1291 1215 1438 1278 versibus

293 1317 475 1383 adferendis
500 1323 630 1384 secutus
655 1319 708 1403 sit,
731 1319 826 1396 faejle
851 1323 1077 1405 cognoscatur,
1101 1321 1182 1384 satis
1205 1320 1268 1384 erit
1287 1321 1439 1406 gravissi-

293 1446 364 1488 mos
389 1447 514 1509 eorum,
538 1427 594 1509 qui
618 1426 652 1490 in
674 1426 780 1510 primo
804 1424 1003 1510 Polycratici
1026 1427 1111 1492 libro
1136 1432 1325 1512 occurrunt,
1349 1450 1439 1492 accu-

292 1535 363 1595 rate
387 1529 611 1618 examinare³).

381 1638 426 1702 Et
449 1639 591 1722 primum
614 1640 744 1722 quidem
766 1662 880 1704 versus
909 1644 1051 1724 exstant,
1081 1662 1162 1724 quos
1192 1641 1263 1724 ipse
1285 1641 1321 1705 in
1343 1663 1437 1705 suum

292 1766 386 1808 usum
420 1745 496 1809 data
529 1769 627 1829 opera
659 1747 844 1810 demutarit.
901 1747 972 1823 Quo
1010 1747 1044 1811 in
1078 1769 1195 1832 genere
1228 1751 1279 1812 est
1311 1747 1438 1834 Vergili

293 1851 408 1936 Eclog.
432 1851 479 1916 IX
493 1852 548 1916 54:

452 1991 544 2058 ‘iam
565 1996 649 2078 sapit
670 1997 756 2077 ipsam
781 1996 849 2077 topi
870 1995 1005 2059 Moerim
1027 1995 1127 2060 videre
1144 1995 1285 2077 priores'

231 2187 238 2192 .
291 2135 348 2199 ubi
367 2134 505 2200 Ioannes
529 2134 690 2222 scribit⁴):
714 2135 991 2222 (0001091010,
1013 2137 1171 2202 vocabulo
1192 2135 1282 2202 ‘coa'
1302 2161 1319 2202 e
1343 2159 1437 2203 versu

284 2243 495 2306 antecedenti
519 2244 680 2329 suppleto,
702 2247 740 2307 ut
763 2243 926 2308 sententia
949 2265 1060 2308 versus
1083 2243 1233 2329 intellegi
1256 2248 1377 2328 posset.
1467 2305 1469 2309 .

382 2348 540 2414 Similiter
564 2349 717 2414 Aeneidis
741 2371 870 2413 versum
893 2348 944 2413 ΙΙΙ
961 2350 1024 2414 194
1048 2351 1096 2414 ita
1119 2349 1304 2433 variavit⁵):

435 2562 437 2576 .
483 2491 578 2557 ‘Otii
600 2493 756 2558 0001010010
777 2447 875 2572 sopra
898 2498 990 2574 eaput
1011 2495 1112 2557 ostitit
1133 2490 1244 2556 imber'

292 2655 365 2697 cum
398 2634 427 2697 ei
460 2634 583 2697 tradita
615 2634 713 2699 lectio
747 2633 837 2698 ‘tam
864 2632 974 2698 mihi'
996 2654 1066 2698 ¹non
1096 2632 1292 2698 conveniret.
1344 2632 1437 2710 Quod

291 2743 406 2804 contra
427 2762 608 2824 pronomen
631 2739 716 2805 ‘olli'
741 2763 760 2803 a
783 2739 911 2825 Vergili
934 2741 1006 2805 loco
1031 2739 1268 2805 alienissimum
1291 2744 1349 2804 est.

378 2845 417 2911 ln
452 2846 567 2931 primis
607 2851 715 2911 autem
753 2847 1054 2912 commemorandus
1099 2850 1150 2912 est
1187 2846 1278 2910 locus
1316 2846 1435 2910 Horati

289 2953 395 3037 Epist.
415 2951 449 3016 II
471 2955 533 3019 116
545 2951 585 3040 ⁶):

745 3041 843 3124 ‘qaod
864 3045 1050 3140 medicorum
1073 3047 1117 3106 est

468 3151 657 3232 promittant
677 3150 801 3225 medica
825 3153 959 3214 tractant
978 3149 1109 3229 fabrilia
1130 3149 1216 3228 fabri
1222 3147 1240 3210 ⁷.

382 3362 408 3430 1)
430 3361 581 3415 ‘Iohannes
606 3359 817 3416 Sarobeaensts
842 3359 915 3414 acet
939 3359 1030 3414 Lebca
1056 3361 1115 3414 aad
1143 3358 1272 3426 15101100,
1299 3358 1437 3426 Schriften

289 3451 348 3506 aad
368 3448 565 3518 Plritcsoptc'e’.
596 3445 709 3516 Lipsiae
728 3464 752 3502 a.
774 3453 850 3502 1862.

378 3540 405 3607 2)
424 3554 451 3606 p.
468 3535 604 3592 81—125:
639 3537 788 3591 ‘Iohannes
816 3536 957 3591 closstsche
985 3536 1119 3592 Studien!
1158 3535 1228 3591 Fere
1255 3537 1353 3592 eadem
1376 3535 1435 3590 iam

289 3630 402 3683 exstant
418 3626 481 3680 Mus
507 3626 585 3680 rhen.
606 3626 660 3680 vol.
676 3625 740 3679 XIV
759 3628 851 3695 (1848)
871 3644 898 3694 p.
917 3631 969 3680 200
984 3643 1043 3694 sqq.

378 3718 405 3786 3)
424 3714 546 3769 Maxime
570 3714 665 3783 doleo,
695 3715 771 3782 quod
800 3715 887 3771 editio
912 3715 1083 3783 oxoniensis,
1108 3731 1193 3784 quam
1217 3714 1294 3768 Giles
1319 3731 1343 3769 a.
1365 3721 1434 3770 1848

289 3804 475 3874 comparavit,
495 3802 565 3856 mihi
587 3804 701 3872 praesto
724 3821 782 3859 non
805 3803 903 3870 fuerit;
928 3820 994 3856 nam
1014 3820 1060 3871 ea,
1080 3821 1151 3872 quae
1169 3802 1265 3871 Migne
1289 3803 1319 3857 in
1336 3804 1435 3857 Patro-

288 3894 382 3963 logiae
401 3897 479 3948 tomo
495 3891 604 3946 CXCIX
618 3894 710 3962 (1855)
731 3892 911 3947 devotorum
931 3895 1076 3946 auctorum
1096 3892 1165 3946 locis
1185 3892 1319 3946 aloanne
1339 3892 1435 3946 allatis

288 3981 422 4049 enotavit,
440 3980 543 4050 partim
563 3979 648 4049 falsa,
667 3979 771 4049 partim
791 3997 891 4049 parum
910 3983 1009 4036 exacta
1027 3982 1105 4049 sunt3
1130 3981 1266 4036 nonnulla
1285 3986 1379 4036 autem
1397 3979 1433 4035 ab

288 4070 340 4126 illo
359 4087 473 4141 prorsus
492 4070 624 4138 neglecta
642 4068 703 4124 sinc
721 4086 826 4140 magna
844 4069 1012 4124 difficultate
1030 4068 1218 4124 inveniuntur.
1256 4069 1311 4123 Vix
1330 4069 1433 4148 addere

288 4177 358 4230 opus
377 4163 428 4230 est,
443 4176 494 4214 nos
513 4161 668 4229 permultos
687 4160 765 4215 locos
785 4159 920 4228 omisisse,
936 4159 984 4227 qui
1003 4175 1065 4213 cum
1085 4158 1227 4213 codicibus
1247 4158 1432 4212 consentiant.

376 4255 404 4320 4)
423 4269 449 4320 p.
465 4256 516 4304 412
537 4250 580 4304 ed.
600 4247 705 4319 Mignc.

376 4343 403 4408 o)
421 4356 449 4408 p.
463 4345 515 4393 413
535 4338 605 4393 ibid.

377 4430 403 4497 6)
423 4427 495 4482 Vide
514 4430 600 4482 etiam
620 4425 856 4481 Kelleri·Holderi
876 4424 941 4480 edit.
961 4417 1050 4481 horat.
1070 4429 1097 4480 h.
1117 4426 1136 4481 1.
