3326 4930
691 215 965 331 ker-

286 431 526 512 commemoret,
545 432 655 491 tamen
673 425 857 490 Danaidum
876 425 1021 490 fabulam
1036 423 1227 508 cognovisse
1246 422 1281 485 hi
1301 420 1430 504 quidem

285 536 349 600 loci
373 535 605 600 testificantur:
629 533 700 598 Art.
725 555 786 598 am.
810 533 825 596 1
851 535 891 597 71
908 555 969 616 sq.:

418 659 568 742 ‘quamue
584 679 703 740 parare
725 679 824 722 necem
847 658 967 721 minuis
984 655 1178 738 patruelibus
1200 674 1297 718 ousae

417 767 555 848 Belides
578 771 606 829 ei
627 766 731 830 stricto
754 769 817 828 stat
837 763 923 845 ferus
944 782 1013 828 ease
1031 761 1143 845 pater?

374 889 422 955 Of.
446 889 544 954 Trist.
568 887 619 953 ΙΙΙ
645 891 679 971 1,
703 889 753 953 62.

373 996 451 1060 Met.
474 995 523 1060 IV
546 996 613 1060 462
632 1017 695 1079 sq.:

418 1120 596 1203 ‘molirique
617 1099 683 1185 suls
707 1121 800 1185 letam
818 1120 1013 1202 patruelibus
1036 1138 1131 1183 nosne

418 1228 562 1292 assidam
583 1232 733 1310 repetunt,
756 1247 834 1308 quos
851 1228 999 1308 perdum,
1022 1225 1146 1290 Belides
1169 1219 1291 1287 undas?

377 1350 407 1414 X
431 1352 490 1415 44:

670 1439 833 1522 ‘aruaque
854 1445 1006 1504 rorarunt

611 1546 757 1612 Belides?

375 1671 456 1736 Ibid.
482 1671 546 1735 175
566 1693 626 1754 sq.:
658 1687 663 1694 ·

419 1795 564 1877 ‘quaeque
583 1801 697 1878 pauni
717 1795 854 1860 tenuras
871 1787 1042 1878 perituros
1055 1794 1180 1860 Belides
1202 1796 1304 1860 andus

418 1903 518 1966 erulis
541 1903 688 1987 Aequod,
712 1903 804 1968 turba
825 1908 952 1968 neaera
975 1900 1095 1967 aceras?
1106 1899 1131 1988 ¹)

375 2026 439 2092 353
459 2048 518 2113 sq.:

471 2133 564 2216 ‘quae
579 2156 699 2217 parare
721 2136 787 2200 surb
811 2136 903 2200 letum
920 2133 1115 2216 patruelibus
1137 2111 1242 2198 ausae*

470 2241 594 2306 Belides
616 2243 744 2306 assidere
767 2242 845 2306 eollo
862 2245 1048 2324 premantur
1071 2237 1174 2322 opero?

375 2366 487 2430 Etiam
519 2364 575 2429 Ius
607 2364 732 2448 fabula,
768 2388 865 2450 quam
895 2365 971 2430 huic
1004 2364 1140 2429 carmini
1172 2364 1328 2428 insertam
1361 2387 1431 2428 esse

287 2474 352 2537 iam
376 2472 652 2557 supradiximus,
680 2473 721 2536 ab
745 2471 860 2538 Ovidio
885 2477 1014 2556 praeter
1038 2471 1180 2556 amplam
1203 2472 1432 2556 narrationem,

287 2601 369 2663 quae
398 2582 448 2643 est
475 2577 552 2642 Met.
576 2577 592 2642 I
616 2579 792 2644 567—666
821 2579 894 2663 plus
922 2601 987 2643 uno
1016 2579 1089 2643 loeo
1118 2578 1331 2663 significatur.
1384 2577 1432 2644 cf.

286 2685 397 2750 Amor.
420 2685 437 2749 I
461 2686 490 2770 3,
513 2687 566 2750 21.
596 2684 630 2749 ΙΙ
654 2687 684 2770 2,
707 2685 756 2752 45.
792 2687 843 2769 19,
866 2687 918 2751 29.
955 2684 1026 2749 Art.
1051 2685 1250 2751 am.1323.

376 2882 573 2965 Priusquam
595 2881 733 2945 ulterius
761 2881 964 2967 progrediar,
993 2886 1031 2945 ut
1055 2881 1178 2965 omnia,
1207 2903 1287 2964 quae
1315 2881 1350 2946 in
1372 2882 1433 2946 hae

287 2989 527 3054 dissertationis
555 2987 717 3072 particula
745 2988 922 3072 disputavi,
942 2988 986 3052 -in
1016 2989 1147 3053 brevem
1177 3010 1337 3052 summam
1361 3010 1434 3053 con-

286 3095 403 3182 feram,
434 3097 468 3160 id
491 3097 556 3159 iam
580 3117 735 3178 apparere
760 3095 900 3180 oonfid0‚
928 3119 984 3160 sex
1007 3096 1081 3159 illas
1105 3095 1267 3174 heroides,
1295 3096 1434 3178 quasin

287 3202 549 3284 disquisitionem
577 3203 704 3285 vocavi,
734 3225 801 3266 non
824 3225 864 3267 cx
887 3203 960 3266 aliis
988 3201 1134 3267 fontibus
1159 3223 1228 3266 esse
1261 3203 1433 3286 derivatas,

288 3331 386 3392 quam
409 3309 527 3392 quibus
551 3309 620 3392 ipse
641 3308 775 3374 Ovidius
798 3310 948 3374 hortulos
973 3330 1048 3373 suos
1072 3308 1215 3392 inrigare
1235 3309 1352 3373 solitus
1376 3309 1433 3393 sit3

286 3437 390 3499 neque
419 3437 495 3480 vero
524 3415 558 3478 in
586 3415 627 3479 iis
656 3439 707 3480 res
736 3417 841 3480 inesse
872 3441 890 3480 a
918 3419 1034 3500 poetae
1059 3414 1277 3480 sulmonensis
1300 3415 1433 3500 ingenio

287 3527 320 3586 et
351 3522 496 3586 moribus
526 3521 717 3607 longissime
748 3523 941 3606 disiunctas,
972 3522 1028 3586 sed
1057 3520 1185 3586 fabulas
1215 3521 1354 3586 maxime
1383 3521 1433 3585 illi

287 3629 427 3693 usitatas
451 3651 488 3693 ao
511 3651 612 3712 paene
636 3629 741 3694 tritas.
779 3629 989 3713 Exemplaria
1008 3631 1117 3693 autem
1136 3649 1253 3714 graeca
1276 3629 1311 3692 in
1329 3629 1432 3693 heroi·

287 3735 382 3799 dibus
416 3736 647 3819 componendis
681 3760 700 3800 a
732 3735 864 3802 Nasone
896 3758 962 3801 non
998 3736 1104 3800 minus
1138 3736 1248 3800 sedulo
1282 3736 1433 3801 videntur

287 3847 416 3907 versata
447 3865 530 3927 esse,
560 3865 670 3928 quam,
700 3848 738 3909 ut
765 3849 880 3908 notum
909 3843 1092 3928 exemplum
1121 3841 1278 3926 adferam,
1308 3842 1343 3906 in
1366 3863 1431 3906 car·

287 3949 430 4014 minibus
453 3949 610 4014 bucolicis
634 3951 814 4036 pangendis
838 3949 1004 4015 Theocriti
1028 3949 1141 4034 idyllia
1165 3972 1184 4012 a
1206 3947 1381 4033 Marone.²³)

378 4219 404 4280 1)
424 4213 464 4270 Ol.
485 4230 518 4268 ex
536 4212 616 4270 Pont.
637 4213 676 4266 ΙΙΙ
698 4217 804 4282 1,121:
825 4214 925 4270 ‘uanae
943 4213 1081 4286 Aepppti’.

377 4305 404 4372 2)
423 4300 462 4355 Cf.
482 4301 514 4358 G.
533 4302 564 4356 A.
585 4301 726 4356 Gebaucr:
751 4302 791 4356 De
815 4304 962 4373 poetarum
987 4317 1151 4372 graecorum
1175 4302 1365 4358 bucolicorum
1389 4302 1430 4358 in-

286 4390 383 4461 primis
401 4389 544 4445 Theocriti
562 4389 732 4444 carminibus
750 4389 781 4444 in
801 4390 903 4461 eclogia
923 4389 1080 4461 aVergilio
1100 4391 1272 4447 adumbratis
1292 4391 1431 4461 particula
