3346 4934
693 292 913 359 ,59-

228 454 355 556 11123,
386 454 555 518 Patroclus
583 454 809 538 patronymico
838 454 923 539 apud
947 453 1127 519 Homerum
1157 454 1374 518 usitatissimo

229 560 448 626 Menoetiades
473 561 665 646 appellatur.

318 668 443 734 Versus
466 670 505 733 19
521 690 582 752 sq:

362 792 529 877 ‘soupeiue
553 793 745 876 Tlepolemus
767 794 881 878 tpeeom
904 794 1081 876 tepefecerat
1101 793 1243 858 hostem:

241 919 243 924 ’
364 900 534 982 Tlepolemi
556 901 612 966 teto
635 921 712 965 cura
734 905 938 966 6666161666
961 899 1024 965 est’

228 1025 323 1090 inlati
347 1028 424 1089 sunt
448 1047 464 1088 e
488 1023 585 1090 Hom.
604 1027 625 1091 Ε
645 1026 708 1091 627
725 1047 804 1110 sqq,
827 1025 884 1090 ubi
908 1023 1088 1110 Sarpedon,
1111 1025 1234 1091 Λυκίων
1261 1029 1374 1105 βουλη·

228 1132 341 1212 φόροε,
364 1131 589 1215 Tlepolemum
611 1133 708 1198 hasta
731 1132 904 1222 transfigit.
1011 1229 1019 1238 ,

318 1239 442 1304 Versus
461 1239 518 1305 25:

364 1363 508 1447 ‘appellet
530 1365 644 1430 rediere
665 1367 763 1448 duces,
786 1364 905 1428 ultoria
925 1364 1067 1445 fumuut'

229 1493 262 1554 et
296 1489 352 1572 qui
380 1488 531 1574 deinceps
560 1493 739 1574 sequuntur
766 1489 889 1554 similes
918 1492 994 1554 sunt
1021 1488 1168 1554 versibus
1201 1490 1376 1554 homericis

230 1617 250 1660 α
270 1597 309 1660 11
327 1618 410 1680 sqq.:

338 1719 432 1798 Ιἔνθ’
456 1719 548 1786 ἄλλοι
572 1723 630 1800 μὲν
653 1721 785 1806 πάντεε,
809 1721 877 1786 deor
901 1721 1009 1800 φύγον
1032 1721 1127 1785 αἰπὺν
1151 1719 1302 1805 ὄλεθρον,

364 1825 445 1892 οἴκοι
469 1827 553 1911 ἔεαν,
576 1827 720 1906 πόλεμόν
744 1850 778 1893 τε
803 1828 1002 1907 πεφευγότες
1026 1828 1083 1906 ἠδὲ
1107 1827 1275 1894 θάλαεεαν.

228 1973 333 2036 neque
361 1955 472 2016 tamen
499 1952 563 2017 diei
591 1956 703 2036 potest
731 1952 882 2022 Ouidium
911 1954 997 2017 hune
1025 1953 1132 2036 ipsum
1162 1953 1271 2016 locum
1301 1957 1376 2016 ante

230 2059 341 2125 oeulos
364 2059 528 2124 habuisse.

319 2165 518 2231 Adversum
537 2168 580 2233 28
604 2167 670 2231 iam
689 2166 843 2232 Loersius
862 2171 949 2232 16616
970 2166 1148 2250 adnotavit,
1171 2166 1377 2249 vocabulum,
1432 2229 1440 2234 .

230 2274 315 2357 quod
342 2273 396 2338 hio
423 2275 462 2338 de
491 2273 690 2339 Graecorum
717 2272 881 2360 feminis¹)
909 2276 1100 2357 usurpatur,
1132 2273 1276 2356 positum
1305 2295 1375 2336 esse

230 2403 268 2445 61
286 2380 471 2445 imitatione
491 2379 637 2467 Homeri,
655 2385 693 2446 ut
711 2383 854 2447 colorem
872 2381 1073 2447 homericum
1093 2383 1125 2444 et
1145 2378 1376 2461 antiquitatem

230 2511 359 2554 carmen
381 2489 501 2553 habere
525 2489 707 2566 videretur¹⁴
743 2488 833 2555 Idem
863 2490 903 2553 ad
930 2510 1062 2554 versum
1082 2483 1158 2572 34²)
1190 2484 1377 2550 observavit

231 2595 348 2659 etheo
372 2596 541 2680 epitheton
565 2601 733 2681 sumptum
757 2587 827 2662 esse
852 2620 890 2661 ex
914 2596 1057 2660 Homero
1080 2598 1115 2659 et
1143 2593 1267 2678 passim
1291 2593 1374 2677 apud

232 2705 357 2765 veteres
388 2703 563 2786 scriptores
587 2703 718 2768 Priamo
743 2703 859 2787 tribui,
887 2703 1007 2768 collata
1034 2701 1199 2767 locutione
1228 2701 1247 2764 ὁ
1270 2702 1375 2779 γέρων

231 2807 375 2886 Πρίαμοε
399 2811 422 2874 Ν
444 2811 508 2875 368
533 2812 561 2876 Φ
581 2811 655 2875 526.

321 2913 443 2981 Versus
463 2919 518 2982 36:

364 3040 429 3107 ‘hic
452 3043 533 3107 lucer
554 3043 705 3107 admissos
728 3043 837 3107 termut
858 3042 973 3107 Hector
995 3038 1100 3121 equos'

229 3184 404 3266 respondet
425 3186 450 3249 Χ
465 3185 530 3249 395
541 3206 610 3268 sqq.
628 3189 661 3249 61
680 3184 706 3248 Ω
725 3188 831 3270 lsqq,
851 3185 906 3249 ubi
921 3183 1067 3249 Achilles
1083 3182 1259 3247 Hectorem
1278 3192 1375 3245 ou'rru

229 3291 406 3375 religatum
429 3314 486 3375 per
510 3314 659 3377 campum
678 3295 797 3376 raptat.
835 3290 937 3356 Laeer
961 3295 1070 3356 autem
1088 3290 1212 3356 Hector
1231 3291 1375 3371 vocatur,

230 3397 307 3480 quia
332 3399 356 3462 Χ
377 3399 551 3463 369-311
580 3421 698 3482 corpus
728 3398 797 3462 eius
827 3422 845 3462 a
870 3398 1002 3463 Graecis
1032 3397 1145 3461 multis
1173 3396 1280 3480 plagis
1309 3395 1374 3459 vul-

229 3507 380 3568 neratum
404 3526 474 3569 esse
496 3509 657 3570 narratur.

320 3611 480 3677 Versibus
500 3613 630 3678 39-46
654 3613 864 3698 attinguntur
883 3635 934 3676 res
958 3612 992 3676 in
1010 3611 1134 3675 decimo
1154 3609 1266 3673 Iliadis
1290 3608 1375 3673 libro

230 3719 447 3803 perscriptae,
470 3719 527 3784 ubi
550 3718 725 3784 Diomedes
750 3723 783 3784 et
808 3719 920 3784 Ulixes
943 3722 1043 3784 noctu
1067 3716 1254 3802 speculandi
1279 3737 1376 3779 causa

231 3823 264 3887 111
296 3823 512 3890 Troianorum
545 3829 653 3890 castra
685 3826 793 3910 missi,
826 3825 951 3890 Dolone
984 3825 1130 3890 hostium
1163 3823 1376 3908 speculatore,

233 3953 328 4013 quem
357 3932 397 3995 ad
421 3936 529 3996 eastra
551 3933 680 3998 navalia
703 3937 835 3998 euntem
865 3932 1116 4017 interceperant,
1143 3934 1260 3995 necato
1288 3932 1375 4013 post

233 4060 330 4120 quam
353 4038 512 4123 Rhesum,
542 4039 705 4105 Thracum
733 4062 857 4126 regem,
886 4040 941 4123 qui
970 4040 1065 4104 modo
1089 4037 1239 4102 Troianis
1263 4036 1376 4101 subve-

231 4148 338 4229 nerat,
366 4150 399 4211 et
426 4146 597 4212 duodecim
625 4147 706 4212 alios
730 4146 871 4211 Thraces
900 4169 1014 4211 somno
1043 4167 1215 4231 oppressos
1245 4144 1376 4208 obtrun-

321 4341 346 4408 1)
367 4339 533 4411 ‘Nymphae’
554 4338 741 4409 appellantur.
772 4372 775 4376 ·

321 4429 349 4497 2)
369 4428 489 4486 ‘Priame'
506 4428 599 4488 senie'.
