3326 4930
701 317 921 380 ..75-

239 475 424 540 meminisse
444 498 518 539 eum
536 475 711 540 verisimile
736 478 786 540 est
809 475 873 540 loci
896 475 995 561 illius,
1019 475 1075 560 qui
1097 477 1218 562 legitur
1241 477 1276 541 in
1294 475 1387 541 Anti-

241 605 328 670 gona
352 583 527 668 sophoclea
549 584 623 648 inde
647 605 667 647 a
689 583 838 648 versibus
862 585 926 649 388
942 605 1026 668 sqq.:

500 711 584 774 θεῶν
608 729 642 773 τε
666 708 725 772 τὰν
748 707 930 787 ὑπερτάταν
954 709 1015 772 Γᾶν

499 813 636 894 ἄφθιτον
660 813 824 894 ἀκαμάταν
848 813 1042 894 ἀποτρύεται

498 921 678 1000 ἰλλομένων
701 920 849 1001 ἀρότρων
873 921 946 987 ἔτοε
969 922 1014 988 etc
1037 922 1119 988 ἔτοε.

239 1065 325 1130 Luae
349 1069 459 1129 autem
483 1063 601 1128 elarius
626 1066 676 1127 est
695 1062 903 1128 Philocteten
926 1063 1083 1129 imitando
1108 1066 1148 1129 ab
1173 1064 1290 1130 Ovidio
1315 1088 1384 1130 esse

164 1149 174 1167 ‘
237 1195 439 1256 expressum,
468 1194 541 1236 oum
569 1169 646 1234 Met.
671 1169 751 1233 XIII
772 1170 949 1236 313-335
983 1171 1153 1256 scriberet,
1186 1171 1243 1236 ubi
1272 1171 1385 1237 Ulixes

238 1280 276 1342 de
300 1279 393 1363 dolis,
427 1277 543 1364 quibus
575 1276 783 1342 Philocteten
811 1277 988 1362 deceperit,
1022 1300 1091 1343 sese
1119 1278 1230 1343 iactat.
1275 1278 1385 1363 Atque

238 1384 266 1448 si
289 1384 626 1450 relaturorum
648 1383 811 1468 principes
836 1384 1054 1468 adstipulatus
1079 1384 1142 1449 sibi
1166 1407 1237 1451 esse
1261 1385 1321 1471 ait,
1348 1391 1386 1450 ut

237 1491 293 1556 ille
316 1491 351 1555 in
374 1491 496 1556 Lemno
525 1492 631 1556 insula
659 1495 889 1574 exponeretur,
922 1492 1080 1576 suadenti,
1112 1492 1175 1557 hoo
1211 1494 1384 1576 respondet

241 1598 349 1662 versui
373 1601 465 1662 sexto
489 1598 677 1683 tragoediae
702 1597 905 1684 sophoclem,
929 1597 986 1661 ubi
1009 1598 1108 1663 idem:

376 1725 511 1804 ταχθεὶς,
534 1722 651 1808 inquit,
674 1720 746 1786 τόδ’
770 1721 875 1802 ἔρδειν
898 1726 965 1786 τῶν
988 1720 1192 1787 ἀναεεόντιον
1215 1724 1288 1788 ὕπο.

329 1846 452 1912 Versus
477 1849 542 1914 315
557 1869 618 1930 sq.:

664 1954 734 2020 ‘uee
756 1976 803 2020 me
825 1956 961 2020 suasisse
983 1955 1110 2040 uepabo,

450 2066 486 2126 ut
506 2081 538 2127 se
559 2062 749 2128 subtraheret
766 2063 836 2128 terra·
858 2063 983 2144 viaeque
1007 2063 1106 2128 labori
1237 2137 1239 2144 y

452 2173 667 2251 temptaretque
687 2171 768 2250 feros
790 2171 893 2253 requie
916 2170 1010 2235 tenire
1032 2168 1165 2235 dolores'

239 2311 450 2395 comparandi
487 2315 563 2376 sunt
596 2334 670 2376 oum
703 2312 843 2379 Philoct.
876 2335 904 2378 ν.
933 2313 995 2376 271
1031 2334 1114 2397 sqq.;
1145 2312 1202 2376 ubi
1234 2316 1386 2376 narratur

241 2417 383 2484 Graecos
417 2441 552 2483 ancoras
587 2419 738 2504 solvisse,
771 2442 844 2484 eum
877 2418 1077 2485 Philoctetes
1112 2441 1226 2484 somno
1259 2419 1386 2483 deditus

243 2531 344 2591 esset:

411 2614 482 2679 τότ’
506 2613 635 2695 ἀεμενοί
659 2615 694 2695 μ’
719 2615 764 2681 ὼε
788 2616 876 2681 εἶδον
899 2617 935 2681 ἐκ
957 2619 1084 2682 πολλοῦ
1108 2616 1206 2682 εάλου

413 2720 541 2786 εὕδοντ’
565 2721 620 2788 ἐπ’
643 2721 739 2802 ἀκτῆε
762 2723 797 2787 ἐν
820 2727 995 2803 κατηρεφεῖ
1018 2724 1126 2807 πέτρῳ

413 2828 562 2895 λιπόντε(
585 2827 714 2913 ᾤχονθ’.

330 2952 452 3018 Versus
476 2954 554 3020 320:

349 3075 453 3159 ‘quem
475 3080 623 3160 quomam
645 3085 727 3144 rates
750 3080 877 3146 ιίοῑοαάα
899 3080 942 3144 aa
963 3078 1119 3163 Perperna
1137 3077 1281 3161 poseuut'

240 3201 379 3267 maxime
405 3204 543 3286 quadrat
567 3227 640 3270 oum
663 3204 802 3270 Philoct.
827 3229 856 3271 v.
879 3205 954 3283 610,
976 3205 1033 3270 ubi
1057 3204 1239 3269 dieitur'de
1262 3203 1387 3268 Heleno

239 3312 314 3374 vate
338 3332 358 3374 a
381 3309 514 3376 Graecis
538 3315 650 3396 capto:

457 3436 494 3500 ὃε
517 3437 555 3515 δὴ
578 3435 619 3499 τά
641 3435 673 3500 τ’
696 3435 771 3501 ἀλλ’
794 3436 915 3502 αὐτοῖει
938 3434 1036 3501 πάντ’
1059 3438 1200 3503 ἐθέεπιεε

453 3542 503 3606 καὶ
526 3540 602 3607 τάπὶ
625 3543 724 3627 Τροίᾳ
747 3541 874 3623 Πέγαμ’
897 3542 941 3607 ὼε
965 3541 1004 3607 οὐ
1027 3546 1149 3623 μήποτε

453 3650 609 3732 πέρεοιεν,
633 3650 660 3715 εἰ
684 3653 724 3729 μὴ
747 3649 843 3714 τόνδε
866 3650 1032 3714 πείεαντεε
1056 3649 1143 3733 λόγῳ

453 3754 584 3832 ἄγοιντο
608 3758 705 3836 νήεον
727 3754 818 3835 τῆεδ’
841 3755 899 3835 ἐφ’
921 3755 940 3834 ἡ
982 3755 1063 3822 ναίει
1085 3759 1193 3820 τανῦν.

242 3878 290 3943 Of.
314 3879 414 3944 etism
438 3903 465 3946 v.
486 3881 527 3946 68
544 3903 591 3964 sq.
615 3884 648 3945 et
674 3881 745 3946 113.

332 3985 425 4063 Quod
457 4010 533 4052 vero
566 4011 595 4052 v.
624 3989 689 4054 322
722 3987 836 4053 Ulixes
874 3987 1081 4053 Philocteten
1114 3989 1238 4054 morbis
1272 3989 1384 4074 iraque

243 4093 384 4158 saevisse
407 4093 496 4180 dicit,
518 4095 581 4160 hoe
603 4095 684 4160 loeis
708 4095 892 4180 sophocleis
917 4095 1092 4160 inlustrare
1116 4097 1322 4180 supersedeo:

330 4200 443 4266 Etiam
467 4223 579 4266 versus
603 4202 667 4268 328
684 4224 766 4286 sqq.:

454 4325 508 4391 ‘sr's
532 4327 599 4390 treet
620 4327 752 4408 infestus
768 4329 858 4393 sou'r's
880 4329 1001 4410 repique
1023 4327 1171 4412 mitique,

453 4435 529 4499 dure
551 4432 737 4500 Philoctete'.
