3346 4934
692 321 910 385 ..37-

318 481 388 546 Iam
408 480 545 544 alteram
568 484 695 565 partem
715 481 981 566 contemplemur,
1006 505 1069 566 qua
1089 482 1245 548 Lehrsius
1265 484 1375 550 subito

231 589 382 654 carminis
413 587 585 652 consilium
614 591 712 671 atque
741 587 902 651 rationem
931 589 1127 654 mirabiliter
1156 591 1276 656 mutari
1304 613 1377 657 con-

230 695 348 780 tendit,
375 694 520 759 Lucieno
549 694 707 759 Muellero
736 694 771 757 in
799 693 881 758 Mus.
902 695 1034 761 rhenan.
1054 696 1115 761 vol.
1135 696 1233 761 XVII
1258 694 1376 784 (1862)

228 828 258 888 p.
280 803 342 868 193
358 800 433 888 sq.¹)
457 801 558 866 ferme
583 801 696 865 eodem
719 801 815 865 modo
839 801 1011 866 iudicante.

317 909 554 995 Hypermestra
581 908 684 995 igitur
713 911 890 992 postquam
918 909 1061 994 rettulit,
1091 910 1146 992 qui
1174 910 1298 976 factum
1323 913 1377 998 sit,

228 1022 265 1082 ut
287 1017 360 1102 ipsa
383 1017 418 1081 in
438 1016 567 1081 vincula
586 1015 797 1099 coniceretur,
820 1015 978 1080 Iunonem
1001 1016 1098 1080 huius
1123 1017 1273 1082 miseriae
1297 1019 1377 1084 dicit

228 1111 396 1189 auctorem
415 1145 493 1189 esse.
530 1122 627 1187 Illam
646 1121 733 1187 enim
752 1124 859 1186 totam
878 1126 1010 1207 gentem
1031 1123 1105 1187 odio
1128 1125 1279 1208 persequi
1302 1126 1376 1190 inde

228 1254 268 1295 ex
291 1231 347 1295 I'us
370 1230 573 1314 temporibus
597 1225 641 1316 (r.
661 1229 712 1294 85.
738 1226 807 1314 86),
840 1229 931 1294 cuius
959 1228 1092 1294 fortuna
1116 1231 1251 1295 adversa
1274 1231 1310 1294 in
1332 1232 1377 1296 iu-

229 1358 362 1401 vencam
391 1359 563 1402 conversae
592 1340 626 1401 et
654 1337 728 1400 sede
756 1336 880 1401 incerta
907 1336 971 1401 huc
1001 1340 1098 1420 atquc
1122 1336 1200 1402 illuc
1224 1339 1376 1423 vagantis

228 1443 375 1536 versibus
404 1445 558 1509 87-108
592 1442 788 1528 depingitur.
844 1441 945 1526 ‘Sed',
977 1443 1100 1528 inquit,
1138 1443 1232 1526 ‘quid
1266 1449 1377 1510 vetera

228 1551 398 1634 conquiro,
432 1573 505 1614 cum
534 1550 600 1614 iam
630 1550 725 1614 nobis
754 1549 834 1632 ipsis
863 1549 950 1612 mala
978 1549 1104 1614 abunde
1134 1551 1243 1615 omnia
1271 1551 1376 1617 sint‘l'

229 1654 270 1743 (v.
292 1654 491 1742 109-122).
527 1655 645 1740 Itaque
668 1656 753 1739 petit
772 1656 812 1719 ab
832 1654 972 1740 Lynceo,
995 1660 1032 1720 ut
1052 1656 1115 1721 sibi
1140 1662 1196 1721 aut
1220 1660 1377 1725 auxilium

226 1765 314 1837 ferat
338 1769 395 1829 aut
419 1765 544 1829 occisae
568 1764 652 1829 clam
676 1763 763 1827 iusta
787 1763 892 1828 solvat
917 1760 958 1846 (v.
980 1761 1179 1850 123-132).

316 1870 426 1955 Atque
450 1871 508 1935 illa
532 1870 671 1954 quidem,
694 1891 776 1953 quac
801 1869 937 1933 ornandi
962 1892 1059 1934 causa
1079 1870 1117 1934 de
1137 1871 1173 1936 Io
1192 1872 1226 1935 in
1245 1895 1376 1939 carmen

226 1978 352 2042 inclusa
389 1981 480 2063 sunt,
517 2000 536 2041 a
568 1976 738 2061 proposito
776 1976 845 2040 eius
882 1976 1015 2040 minime
1053 1976 1166 2041 aliena
1191 2001 1278 2063 esse,
1311 1980 1376 2044 iam

227 2083 279 2148 W.
302 2083 502 2169 Zingerleius
530 2084 550 2148 l.
575 2085 595 2147 1.
619 2104 693 2168 pag.
714 2083 756 2147 39
789 2083 968 2167 perspexit,
1006 2087 1081 2147 11111
1119 2084 1228 2149 omnia
1266 2091 1375 2151 autem

226 2189 311 2254 falsa
338 2189 455 2254 Lehrsi
485 2193 518 2254 et
546 2189 694 2254 Muelleri
724 2189 833 2273 opinio
862 2189 1006 2254 tollenda
1034 2194 1098 2274 est,
1128 2191 1214 2274 quod
1242 2192 1282 2256 ab
1312 2193 1376 2276 epi-

227 2297 333 2361 stulae
361 2301 480 2362 natura
507 2296 588 2360 illud
613 2296 817 2362 credideumt
840 2297 982 2361 multum
1005 2297 1140 2381 distare,
1168 2299 1254 2382 quod
1277 2303 1375 2383 pocta

226 2402 497 2488 Hypermestram
536 2403 664 2488 saepius
692 2403 806 2469 Ionem
829 2403 944 2469 fecerit
979 2401 1216 2487 adloquentem.
1263 2405 1374 2469 Habes

226 2511 312 2575 enim
336 2510 458 2576 similia
482 2511 546 2575 VII
572 2512 650 2577 105:

404 2635 510 2700 ‘nulla
532 2656 621 2701 moro
644 2641 699 2718 est,
721 2637 807 2700 oculo
831 2637 887 2701 att
909 2635 1012 2700 dedita
1033 2633 1194 2701 coniunx?

226 2778 260 2839 et
282 2773 331 2838 XI
357 2776 539 2840 111-116.

315 2880 417 2946 Porro
451 2882 481 2945 11
508 2881 663 2946 Lchrsius
697 2882 841 2967 quaerit,
878 2882 1039 2966 quomodo
1072 2887 1105 2947 et
1138 2883 1195 2947 ubi
1226 2882 1375 2967 Lynceus

225 2989 497 3074 Hypermestram
525 2988 707 3053 interficere
734 2989 840 3070 possit
868 2993 925 3053 aut
953 3011 1010 3054 cur
1039 3012 1110 3054 eam
1135 2990 1260 3054 occulte
1284 2993 1375 3055 curet

226 3097 486 3182 comburendam,
510 3097 550 3161 ad
569 3118 643 3160 cum
662 3097 770 3161 locum
792 3096 938 3181 legentes
959 3097 1144 3182 delegemus
1163 3118 1295 3162 necesse
1314 3102 1374 3183 est,

225 3203 283 3266 ubi
307 3204 345 3267 de
369 3203 486 3267 tertiae
510 3202 654 3267 heroidis
671 3203 826 3268 ·versibus
851 3205 982 3268 67-82
1007 3203 1148 3288 egimus3
1170 3203 1224 3268 hic
1247 3204 1280 3268 id
1305 3208 1374 3270 tan-

226 3312 297 3372 tum
319 3310 523 3394 notabimuS,
545 3307 816 3394 Hypermestram
844 3309 1020 3375 verisimile
1047 3331 1117 3374 esse
1142 3311 1306 3395 timuisse,
1333 3334 1373 3375 ne

226 3419 320 3498 pater
344 3415 548 3479 inhumatam
573 3437 606 3480 11
629 3416 732 3500 proici
754 3417 890 3482 iuberet.
937 3416 1089 3482 Ceterum
1112 3417 1248 3501 longum
1268 3421 1318 3481 est
1337 3440 1375 3481 ea

227 3525 405 3586 retractare
430 3526 632 3607 argumenta,
656 3522 774 3606 quibus
794 3523 846 3587 W.
862 3523 1062 3608 Zingerleius
1085 3523 1105 3586 1.
1124 3524 1144 3586 l.
1163 3523 1312 3588 Muelleri
1335 3524 1373 3588 de

226 3628 289 3692 hoc
313 3629 457 3693 carmine
478 3628 675 3694 sententiam
693 3633 781 3694 recte
801 3629 927 3693 videtur
946 3628 1126 3714 infregisse.
1164 3629 1278 3714 Neque
1297 3651 1373 3694 vero

225 3734 259 3798 in
286 3733 404 3798 ultimo
434 3735 575 3800 disticho
605 3759 625 3800 a
648 3735 785 3801 Lehrsio
813 3740 847 3800 et
875 3735 1063 3801 aPetersio
1087 3737 1147 3800 ll.
1170 3758 1243 3821 pag.
1264 3736 1305 3800 37
1326 3758 1373 3820 sq.

224 3841 259 3905 in
292 3842 428 3906 dubium
460 3847 576 3907 vocato
610 3865 679 3908 esse
712 3842 937 3907 offendendum
964 3843 1153 3908 Ehwaldius
1187 3842 1373 3907 observavit

196 3947 199 3954 '
225 3946 377 4013 Bursiani
401 3950 519 4014 annall.
538 3948 649 4014 XXXI
671 3969 744 4034 pag.
767 3949 838 4013 176.

313 4143 403 4209 Hace
430 4143 545 4228 habui,
573 4166 654 4228 quae
683 4145 721 4209 de
748 4145 867 4210 horum
900 4146 1080 4210 carminum
1110 4146 1240 4210 interna
1266 4146 1373 4213 forma

227 4252 324 4332 atque
344 4250 450 4335 specie
470 4272 670 4335 exponerem.
707 4250 779 4315 lam
797 4252 878 4316 satis
898 4252 1040 4316 arbitror
1063 4273 1217 4337 apparere
1242 4275 1373 4318 sensum

316 4443 341 4512 1)
360 4441 498 4498 Kritisehc
518 4443 648 4514 Beitr'age
667 4461 700 4497 au
719 4442 832 4512 einigen
858 4443 1016 4498 rbmiechen
1035 4443 1159 4499 Antoren
1177 4463 1203 4514 p.
1221 4451 1372 4501 rao-201.
