3346 4934
756 329 974 393 ..38-

294 494 328 558 in
360 491 400 556 iis
432 513 594 574 nusquam
623 491 701 556 adeo
730 489 924 572 interrumpi
956 489 1008 553 vel
1038 489 1239 574 detorqueri,
1257 492 1307 552 ‘ut
1335 511 1373 553 ea
1401 489 1441 554 ab

297 599 393 664 Ovidi
424 602 543 663 natura
576 602 674 681 atque
705 595 813 660 indole
846 594 1000 658 dissidere
1030 596 1197 660 credamus
1229 617 1360 661 necesse
1389 596 1442 660 sit.

297 704 430 771 Summa
458 709 569 769 autem
597 708 647 769 est
671 703 778 769 cautio
803 701 999 787 adhibenda,
1025 724 1066 766 ne
1090 703 1163 786 quis
1187 703 1221 766 in
1245 702 1442 767 carminibus

298 811 456 877 ovidianis
484 834 604 876 naevos
633 811 738 875 inesse
766 830 862 892 posse
889 809 1072 891 praefracte
1099 831 1222 895 negans
1244 810 1380 894 nodum,
1406 814 1443 874 ut

298 919 405 1004 aiunt,
427 919 462 983 in
486 919 593 1002 scirpo
617 939 770 1001 quaerere
795 920 994 981 consuescat.

843 1253 899 1319 IV.

389 1380 548 1458 Quoniam
577 1380 676 1444 semel
706 1380 745 1442 ad
768 1379 855 1444 hunc
878 1380 987 1445 locum
1010 1384 1144 1446 ventum
1168 1384 1232 1466 cst,
1261 1381 1347 1444 haud
1371 1381 1445 1445 alie-

298 1511 376 1552 num
409 1488 471 1552 crit
503 1511 522 1551 a
548 1487 732 1571 proposito,
764 1509 833 1550 rem
860 1487 971 1571 paullo
999 1488 1130 1552 uberius
1159 1491 1300 1552 tractare
1306 1519 1323 1572 ,·
1348 1511 1445 1572 quam

300 1595 495 1679 omnesqui
515 1595 553 1658 de
571 1593 760 1658 heroidibus
778 1593 843 1658 huc
862 1616 965 1678 usque
985 1595 1218 1679 disceptarunt,
1237 1598 1294 1658 aut
1312 1617 1445 1678 prorsus

296 1701 510 1786 neglexerunt
534 1704 591 1764 aut
613 1699 812 1784 primoribus
836 1704 966 1765 tantum
985 1701 1087 1766 labris
1108 1701 1298 1786 attigerunt.
1306 1699 1330 1785 ¹)
1365 1694 1463 1766 Con?

298 1812 366 1872 stat
390 1808 477 1872 enim
497 1807 593 1871 Ovidi
615 1806 648 1870 id
672 1807 841 1891 proprium
864 1807 975 1894 fuisse,
997 1812 1034 1872 ut
1054 1809 1088 1871 in
1107 1808 1245 1892 singulis
1266 1808 1445 1873 carminum

296 1915 390 1979 libris
419 1915 548 1978 easdem
577 1914 755 1978 sententias
785 1914 960 1998 eademque
989 1918 1182 1999 argumenta
1205 1914 1325 1979 iterum
1349 1919 1445 1998 atque

297 2021 417 2085 iterum
447 2019 482 2084 in
509 2042 604 2084 usum
634 2025 774 2085 vocaret.
823 2020 916 2097 Quod
946 2021 973 2085 si
1003 2020 1087 2086 hanc
1115 2022 1384 2086 consuetudinem
1411 2021 1445 2086 in

296 2127 485 2192 heroidibus
510 2150 637 2211 quoque
661 2126 948 2212 deprehendamus,
972 2151 1042 2192 eam
1066 2150 1134 2192 ram
1158 2128 1230 2193 luce
1254 2128 1372 2193 clarius
1396 2132 1446 2193 cst

298 2232 440 2298 maximo
464 2256 533 2298 esse
558 2239 765 2319 argumento,
792 2238 945 2318 poemata
973 2233 1030 2298 illa
1054 2257 1092 2298 ex
1116 2235 1260 2299 eiusdem
1284 2234 1378 2299 Ovidi
1401 2234 1445 2298 in·

298 2340 394 2425 genio
419 2341 624 2425 provenisse,
647 2341 840 2424 praesertim
865 2363 938 2406 cum
961 2341 1124 2404 neminem
1147 2343 1318 2423 poetarum
1342 2362 1445 2404 roma-

297 2469 414 2511 norum
443 2469 476 2510 se
506 2447 614 2530 ipsum
641 2451 711 2511 tam
738 2447 925 2531 frequenter
955 2447 1165 2530 exscripsisse
1193 2447 1317 2532 videas,
1349 2469 1445 2530 quam

298 2558 407 2618 vatem
439 2554 687 2619 sulmonensem.
733 2553 778 2617 Et
805 2554 1015 2618 inveniuntur
1044 2557 1112 2617 tam
1140 2555 1253 2618 crebro
1282 2555 1317 2618 in
1343 2553 1447 2617 heroi·

299 2661 395 2724 dibus
417 2660 486 2725 eius
506 2659 644 2724 rationis
664 2661 820 2746 exempla,
839 2664 875 2724 ut
894 2661 987 2745 larga
1004 2661 1100 2724 nobis
1120 2660 1282 2726 scribendi
1297 2661 1448 2725 materies

297 2770 412 2851 parata
437 2766 490 2831 sit.

389 2873 556 2958 Perpauca
577 2855 714 2937 tantum
741 2873 823 2936 libet
855 2872 1001 2956 proferre
1030 2874 1068 2937 de
1097 2873 1312 2957 epistularum
1335 2874 1447 2938 initiis.

300 2980 470 3045 Narniam
490 2980 657 3045 Vahlenus
683 2979 841 3064 singulari
861 2976 1006 3064 libello2)
1026 2980 1191 3063 praeclare
1211 2981 1448 3047 demonstravit

298 3087 394 3151 initia
425 3087 605 3151 carminum
628 3084 758 3149 I—IV.
782 3084 873 3149 XIII.
896 3083 975 3149 XIV
999 3108 1065 3149 non
1088 3087 1185 3150 modo
1207 3087 1295 3152 inter
1318 3110 1351 3152 sc
1376 3110 1445 3152 con·

300 3214 416 3278 gruere
444 3197 542 3276 atque
571 3191 770 3273 consentire,
803 3190 981 3254 sedetiam
1006 3213 1079 3255 cum
1104 3191 1145 3255 iis
1170 3191 1335 3276 epistulis,
1366 3215 1448 3276 quae

300 3299 377 3363 Met.
397 3298 444 3362 IX
463 3299 529 3362 530
557 3302 590 3361 ct
614 3297 650 3361 in
672 3295 837 3360 Tristibus
862 3300 896 3360 ct
918 3296 954 3360 in
976 3297 1070 3362 libris
1095 3320 1134 3361 ex
1156 3296 1264 3362 Ponto
1289 3298 1374 3362 datis
1399 3321 1449 3363 oc·

301 3410 450 3490 currunt,
492 3405 611 3468 mirum
649 3407 807 3487 quantum
845 3405 1048 3469 concordare.
1101 3404 1214 3468 Etiam
1251 3404 1448 3470 carminibus

301 3512 442 3577 V-XII
463 3511 542 3577 olim
561 3511 681 3575 similia
701 3511 832 3574 exordia
855 3511 955 3575 fuisse
979 3511 1131 3595 praefixa,
1154 3511 1240 3575 idem
1263 3512 1313 3575 vir
1334 3512 1448 3576 doctus

302 3621 382 3684 satis
406 3621 534 3685 videtur
557 3618 721 3702 probasse.
730 3615 755 3703 3)

392 3725 630 3810 Saepenumero
660 3724 813 3789 heroinae
844 3725 943 3808 mala,
971 3725 1090 3808 quibus
1121 3725 1341 3790 sollicitentur
1368 3725 1447 3789 viris

300 3832 501 3916 absentibus,
524 3831 575 3895 die
598 3831 729 3915 leviora,
752 3836 848 3896 nocte
873 3853 974 3916 paene
993 3832 1218 3897 intolerabilia
1238 3855 1308 3898 osse
1328 3833 1448 3898 dicunt.

301 3937 349 4003 Of.
373 3939 389 4002 I
414 3939 535 4002 7-10:

394 4097 418 4162 1)
439 4095 478 4149 cf.
490 4095 654 4164 perbrevem
668 4094 839 4149 mentionem
855 4093 889 4148 ds
904 4093 956 4147 hac
971 4111 1000 4148 re
1016 4110 1033 4146 a
1049 4094 1175 4150 Petersio
1187 4094 1206 4150 l.
1217 4096 1235 4150 l.
1257 4115 1282 4164 p.
1292 4103 1325 4150 47
1344 4096 1446 4150 sactum

300 4186 330 4238 et
348 4200 425 4236 raras
435 4183 480 4254 W.
490 4181 634 4252 Zingerlci
652 4181 871 4250 observationes,
887 4197 959 4250 quac
979 4185 1128 4236 occurrunt
1142 4183 1160 4238 l.
1171 4186 1188 4239 l.
1203 4203 1230 4254 p.
1243 4189 1283 4239 18.
1295 4191 1338 4240 29.
1349 4191 1391 4238 30.
1403 4192 1447 4241 32.

390 4273 418 4342 2)
438 4261 512 4326 Uber
530 4273 576 4327 die
595 4271 725 4342 Anfauge
745 4272 794 4325 der
811 4270 955 4324 Heroiden
974 4271 1023 4326 des
1043 4272 1124 4327 Ovid.
1161 4273 1285 4327 Berolini
1308 4279 1383 4331 1881.

390 4364 417 4432 3)
437 4361 553 4416 Minime
580 4362 656 4416 recte
680 4359 821 4415 Petersius
847 4359 865 4414 1.
886 4361 902 4414 l.
931 4378 959 4428 p.
975 4367 1008 4414 47
1025 4380 1085 4431 sqq.
1108 4362 1181 4417 hanc
1205 4362 1374 4418 sententiam
1396 4363 1447 4417 im-

300 4468 442 4522 pugnasse
460 4450 602 4520 putandus
622 4451 673 4505 cst.
712 4448 752 4504 ef.
773 4447 899 4518 Ehwald,
918 4449 997 4505 Burs.
1018 4449 1121 4504 annall.
1141 4449 1231 4502 XXXI
1249 4469 1276 4519 p.
1293 4457 1352 4507 176.
