3346 4934
761 318 959 381 ,6.-

375 479 421 543 At
443 482 530 543 reete
555 477 681 542 codices
704 476 823 540 nostri:

398 601 505 668 ‘Tam
527 604 600 668 deus
622 601 799 666 incumbens
821 601 940 684 bacato,
962 622 1050 683 quem
1073 603 1181 666 deutra
1200 603 1333 684 berebet,

398 709 542 775 “Omina
561 706 766 793 priaabiis’'‚
789 710 927 793 inquit,
952 707 1076 774 “inesse
1098 710 1202 774 soleat

397 820 445 883 ad
459 818 623 900 primam
645 837 762 882 uocem
785 816 939 880 timidas
961 817 1160 881 advertitis
1184 837 1306 900 aures,

397 930 425 989 et
445 926 564 989 visam
581 932 748 1006 primum
771 923 904 988 consulit
924 943 1026 1007 aayar
1049 921 1172 987 aeem'’.

374 1067 469 1152 Nam,
497 1070 534 1130 ut
558 1071 665 1131 cetera
689 1066 789 1130 missa
812 1064 982 1145 faciamus,
1006 1064 1145 1129 Ioannes
1169 1067 1268 1130 verba
1292 1066 1434 1133 ‘auditas

285 1173 384 1239 eoees'
406 1195 578 1258 perperam
601 1171 775 1236 inseruisse
794 1172 958 1254 putandus
978 1175 1037 1255 est,
1061 1194 1134 1236 eum
1153 1172 1187 1235 in
1209 1171 1329 1256 ‘prima
1350 1173 1434 1239 voee'

287 1282 451 1346 cardinem
479 1281 526 1344 rei
553 1280 698 1364 positum
727 1300 797 1343 esse
825 1278 898 1362 ipso
921 1301 1005 1342 nexu
1029 1280 1266 1344 sententiarum
1289 1282 1433 1365 patefiat.

377 1387 590 1453 Prosodiaeae
620 1408 747 1470 quoque
767 1386 856 1471 leges
881 1385 1119 1470 infringuntur,
1147 1386 1232 1452 sieut
1259 1388 1433 1452 notissimo

287 1496 345 1560 illo
369 1496 441 1560 loeo
465 1493 585 1558 Horati
603 1493 675 1558 Art.
695 1497 781 1576 poet.
801 1493 875 1576 334,
899 1492 955 1556 ubi
979 1493 1089 1580 agitur
1108 1494 1146 1558 de
1165 1498 1337 1578 poetarum
1361 1517 1433 1560 eon·

288 1603 362 1667 silio
387 1625 423 1668 aa
447 1602 582 1666 ratione.
629 1601 692 1666 Hie
716 1600 802 1665 euim
825 1600 965 1664 Ioannes
989 1597 1118 1685 dixit¹):

470 1725 541 1791 ‘aad
563 1727 699 1791 iuranda
721 1726 834 1790 struat
856 1730 885 1789 et
906 1726 1016 1790 tarta
1038 1727 1137 1790 dicere
1159 1725 1256 1791 uitae'

287 1892 346 1955 pro
371 1892 449 1934 sana
472 1869 624 1934 lectione:

448 1993 520 2057 ‘aad
541 1993 635 2058 simut
658 1997 686 2056 et
708 1993 845 2058 tamuda
868 1997 896 2057 et
918 1995 1028 2059 iduma
1050 1995 1147 2059 dicere
1168 1993 1274 2059 vitae'.

376 2135 523 2219 Denique
547 2135 648 2199 falsae
672 2135 882 2200 inveniuntur
905 2136 1076 2222 lectioneS‚
1105 2160 1186 2221 quae
1211 2138 1245 2202 in
1268 2139 1434 2203 codicibus

287 2243 457 2308 deterioris
475 2246 573 2307 notae
593 2244 773 2307 traduntur.
813 2242 861 2308 Of.
878 2243 975 2329 Verg.
995 2243 1075 2309 Aen.
1090 2244 1138 2310 VI
1159 2246 1223 2310 803
1244 2243 1433 2330 bracaram)

287 2373 346 2434 pro
372 2348 532 2432 ‘pacarit',
561 2350 647 2432 quod
671 2349 787 2433 optimi
817 2351 943 2415 codices
973 2352 1104 2416 habent.
1150 2351 1282 2416 Persius
1306 2349 1431 2436 vum)

288 2455 404 2538 ‘faeta'
427 2479 487 2541 pro
512 2455 622 2537 ‘fata'.

376 2564 515 2628 Restant
538 2565 602 2628 duo
625 2563 702 2629 loci:
726 2562 846 2629 Lucan.
865 2564 1005 2650 16364),
1027 2567 1084 2630 ubi
1103 2588 1215 2630 versus
1239 2565 1334 2629 initio
1359 2587 1432 2629 eou-

221 2694 226 2705 ·
288 2671 412 2736 iunctio
437 2670 496 2736 ‘et'
520 2671 640 2736 excidit
664 2674 697 2735 et
720 2670 862 2736 Iuvenal.
882 2671 913 2736 V
932 2671 1019 2757 31⁵),
1042 2673 1099 2738 ubi
1122 2673 1260 2738 Ioannes
1286 2672 1432 2738 exhibet:

501 2813 657 2895 ‘fortias
679 2819 708 2878 et
730 2815 821 2878 eitius
843 2835 899 2879 aas

419 2925 621 3002 corrumpant
641 2921 787 2985 vitiorum
810 2922 947 3002 exempla
969 2923 1144 3005 domestica,
1168 2924 1290 3003 maenis

420 3049 488 3092 eam
510 3029 639 3092 subeant
660 3029 781 3093 animos
804 3027 1003 3094 auetoritas'.

287 3193 347 3254 pro
370 3171 498 3255 vulgari
527 3170 667 3234 lectione
691 3168 836 3235 ‘velocius
861 3177 889 3236 et
915 3169 1030 3235 eitius'.
1075 3170 1121 3234 Et
1151 3171 1280 3254 quidem
1309 3172 1390 3244 illud
1415 3197 1434 3237 a

287 3277 349 3341 loci
375 3277 537 3340 sententia
565 3276 698 3341 minime
723 3277 892 3363 abhorret3
921 3279 975 3342 sed
1005 3301 1071 3342 uua
1099 3279 1225 3362 syllaba
1253 3279 1357 3363 deest,
1385 3280 1433 3343 ita

287 3386 325 3447 ut
348 3382 417 3448 ‘sed
437 3383 583 3448 eeleeirrs'
606 3384 657 3448 vel
683 3384 789 3449 simile
817 3383 941 3468 aliquid
970 3386 1152 3470 legeremus
1183 3407 1313 3451 necesse
1338 3390 1432 3450 esset.

288 3489 403 3574 Itaque
423 3491 507 3555 hane
527 3513 655 3574 quoque
675 3491 708 3554 in
726 3491 884 3555 falsarum
902 3492 1080 3557 lectionum
1099 3515 1234 3557 numero
1253 3493 1433 3557 habuerim.

378 3597 466 3673 Quae
491 3619 565 3661 eum
588 3597 635 3660 ita
655 3597 734 3681 sint,
757 3596 890 3662 Ioannis
911 3596 1160 3665 Sarisberiensis
1181 3600 1370 3665 testimonia
1389 3598 1433 3663 vi·
1481 3625 1492 3636 ‘

288 3705 405 3768 dentur
428 3727 494 3769 non
517 3704 628 3788 magni
653 3704 855 3769 aestimanda
878 3727 956 3769 esse.

380 3917 404 3983 1)
423 3934 450 3984 p.
466 3920 526 3970 405.
564 3913 604 3970 cf.
623 3913 847 3970 Keller.-Holder
875 3913 911 3968 ad
930 3914 956 3969 h.
972 3914 990 3969 l.

376 4005 403 4071 a)
422 4019 447 4070 p.
464 4008 524 4056 aar.

377 4094 403 4160 a)
423 4111 450 4161 p.
465 4098 524 4146 408.

376 4183 403 4247 4)
423 4199 450 4250 p.
466 4186 526 4235 407.
542 4211 575 4220 —
590 4179 685 4250 Migne
704 4199 730 4250 p.
746 4187 798 4236 413
817 4183 902 4236 verba
922 4182 957 4234 ‘et
976 4182 1052 4236 taue'
1074 4182 1145 4235 falso
1164 4183 1201 4237 ad
1215 4182 1357 4235 Lucanum
1377 4183 1433 4236 ret-

287 4269 367 4336 tulit,
387 4269 466 4324 euius
484 4286 555 4324 unus
580 4271 690 4324 tantum
710 4286 807 4325 versus
826 4272 904 4324 1626
928 4270 1040 4323 citatur.
1078 4271 1165 4326 Immo
1186 4271 1282 4325 Ioanni
1305 4269 1361 4341 ipsi
1384 4271 1431 4326 ad-

287 4357 436 4413 scribenda
454 4360 525 4413 sunt.

377 4450 403 4511 s)
422 4467 448 4517 p.
464 4453 524 4504 400.
